5234 6725
3102 748 3137 850 (
3191 738 3296 825 5⁹
3357 743 3388 848 )

1814 912 2400 1022 infundibuli,
2457 939 2687 999 nunc
2744 911 3110 1023 integer,
3166 938 3399 999 nuuc
3457 908 3850 1024 obliquus
3921 926 4070 995 aut
4107 907 4599 1001 dimidiatus
4631 976 4667 1017 ,

1813 1079 1896 1146 et
1949 1059 2460 1176 quandoque
2514 1055 3119 1172 petaliformis:
3184 1085 3472 1172 margo
3509 1057 3787 1172 primo
3823 1056 4307 1165 involutus,
4347 1058 4672 1148 lobato-

1813 1209 2191 1293 sinuatus
2224 1269 2248 1309 ,
2309 1201 2510 1290 dein
2559 1231 2875 1317 parum
2928 1200 3283 1289 inflexus
3337 1220 3484 1288 aut
3538 1222 3852 1288 erectus
3877 1265 3904 1307 ,
3950 1202 4669 1316 plicato-undula-

1816 1364 1951 1432 tus
1982 1408 2011 1452 ,
2071 1365 2152 1431 et
2204 1346 2431 1430 senio
2487 1346 2751 1431 etiam
2808 1341 3104 1455 fissus3
3162 1375 3213 1431 a
3281 1347 3567 1430 medio
3648 1342 3760 1431 ad
3835 1374 4021 1432 oras
4097 1344 4337 1431 lineis
4414 1347 4662 1436 obso-

1810 1491 2000 1576 letis
2054 1487 2757 1577 cinerascentibus
2813 1516 3247 1603 aspersus,
3302 1508 3387 1574 et
3445 1490 3534 1576 in
3591 1509 3876 1576 centro
3930 1489 4390 1576 substantia
4463 1518 4663 1576 mu-

1811 1630 2241 1716 coriformi
2278 1632 2523 1717 nivea
2555 1630 2896 1718 obsitus.
2920 1632 3016 1716 In
3048 1627 3647 1745 speciminibus
3675 1659 3878 1718 vero
3913 1631 4335 1745 languidis
4365 1631 4657 1749 pileus

1812 1772 2319 1858 orbicularis
2372 1789 2546 1876 est,
2608 1771 3321 1862 convexiusculus
3376 1791 3526 1860 aut
3585 1771 3870 1887 paullo
3928 1773 4473 1859 umbilicatus
4495 1774 4544 1887 ,ζ
4573 1794 4655 1858 et

1808 1945 2057 2032 saepe
2112 1915 2376 2002 etiam
2430 1914 2864 2002 deformis.
2928 1915 3403 2004 Lamallae
3457 1918 3611 2003 vix
3671 1936 4062 2008 arcuatae
4089 1983 4114 2023 ,
4173 1916 4287 2004 ad
4341 1924 4650 2031 margi-

1811 2090 2013 2150 nem
2069 2062 2317 2148 valde
2377 2080 2665 2147 tenues
2721 2091 2817 2147 ac
2873 2059 3349 2176 diaphanae
3380 2127 3408 2167 ‚
3472 2062 3670 2147 hinc
3760 2064 4192 2148 interdum
4271 2064 4642 2170 lacerae,

1810 2206 2125 2320 postice
2181 2205 2774 2310 acutissimae,
2836 2208 3263 2319 integrae:
3349 2205 3825 2296 lamellulae
3883 2237 4380 2295 numerosae
4412 2274 4439 2314 ‚
4499 2239 4652 2296 an-

1805 2348 2249 2460 gustiores,
2311 2349 2500 2461 plus
2542 2347 2929 2433 minusve
2965 2349 3282 2460 longae.
3329 2347 3616 2462 Stipes
3655 2376 3910 2461 supra
3947 2345 4342 2433 dilatatus
4394 2369 4654 2465 atque

1806 2487 1893 2570 in
1945 2488 2272 2600 pileum
2329 2487 2730 2593 diffusus,
2792 2507 3063 2591 teres,
3125 2487 3592 2595 incurvus;
3648 2490 3916 2574 basim
3976 2518 4269 2576 versus
4341 2519 4650 2603 parum

1803 2645 2354 2734 attenuatus,
2436 2648 2521 2714 et
2596 2631 2844 2717 brevi
2915 2648 3290 2715 tomento
3375 2627 3736 2713 candido
3821 2628 4268 2715 obductus.
4331 2634 4648 2717 Radix

1803 2800 2203 2876 mucosa,
2258 2773 2404 2860 sed
2460 2776 2692 2859 intus
2749 2771 3089 2880 fibrata,
3143 2773 3452 2877 solida,
3510 2775 4033 2888 caulescens‚
4099 2804 4420 2882 crassa,
4481 2807 4658 2875 tor-

1802 2935 2043 3004 tuosa
2075 2981 2102 3023 ,
2164 2919 2757 3031 complanata,
2817 2937 2902 3003 et
2957 2947 3127 3004 non
3182 2948 3376 3008 raro
3429 2920 3890 3014 subdivisa.
3934 2927 4186 3017 Color
4220 2932 4647 3044 juniorum

1802 3058 2501 3174 cinereo-pallens
2556 3060 2650 3147 in
2703 3060 2999 3150 album
3053 3080 3324 3154 aetate
3382 3065 3714 3152 transit.

2025 3202 2409 3290 Maxime
2468 3203 2615 3290 hic
2674 3202 2977 3318 fungus
3033 3206 3124 3292 in
3182 3209 3359 3294 suis
3397 3209 3783 3321 partibus
3819 3214 4106 3330 quoad
4144 3218 4656 3329 magnitudi-

1800 3375 2001 3431 nem
2059 3345 2313 3430 etiam
2368 3347 2701 3433 variat:
2771 3350 2857 3432 in
2917 3346 3380 3462 specimine
3433 3381 3680 3467 supra
3725 3353 4140 3474 descripto
4167 3362 4467 3475 pileus
4509 3365 4642 3477 δὲ

1795 3514 1983 3573 unc.
2046 3484 2323 3591 latus,
2379 3503 2463 3569 et
2520 3512 2573 3570 a
2630 3506 2918 3573 centro
2975 3487 3491 3576 infundibuli
3549 3491 3657 3578 ad
3717 3498 4252 3607 marginem,
4323 3505 4412 3587 in
4493 3535 4644 3592 sua

1798 3646 2043 3743 parte
2085 3629 2431 3740 longiori
2453 3695 2487 3736 2
2527 3630 2699 3717 fere
2744 3664 2788 3718 2
2832 3639 3103 3742 {uno
3149 3633 3643 3745 profundus.
3672 3637 4143 3728 Lamellae
4179 3643 4459 3734 medio
4495 3647 4645 3735 vix

1704 3784 1715 3793 '
1802 3803 1847 3861 2
1896 3774 2041 3861 lin.
2087 3775 2324 3859 latae.
2375 3775 2663 3889 Stcjoes
2702 3804 2970 3888 usque
3008 3777 3121 3863 ad
3173 3806 3202 3860 ι
3253 3788 3295 3891 -ξ
3354 3807 3550 3865 unc.
3598 3779 3937 3892 longus,
3977 3815 4314 3873 sursum
4354 3820 4643 3878 versus

1800 3916 1851 4000 8
1907 3915 2050 4000 lin.
2093 3946 2464 4025 crassus,
2526 3941 2608 4006 et
2663 3950 2932 4033 prope
2981 3920 3352 4010 radicem
3401 3922 3449 4007 5
3496 3936 3559 4040 ἦ.
3598 3927 3914 4015 Radix
3959 3960 4002 4015 ει
4049 3960 4238 4017 unc.
4279 3952 4364 4018 et
4420 3934 4641 4022 ultra

1794 4062 2031 4173 longa
2067 4126 2091 4166 ,
2153 4062 2203 4148 5
2271 4062 2416 4148 lin.
2476 4092 2785 4150 crassa.

2017 4204 2403 4288 Tandem
2490 4205 2838 4292 habitus
2890 4205 3588 4321 individuorum,
3646 4219 4037 4329 quamvis
4094 4220 4634 4309 accidentalis

1792 4370 1888 4427 ac
1958 4344 2381 4428 mutabilis
2459 4346 2624 4449 sit,
2706 4374 2898 4431 raro
2953 4365 3236 4435 autem
3293 4373 3825 4440 monstrosus.
3882 4358 4158 4444 Semel
4230 4361 4442 4446 mihi
4498 4393 4634 4450 oc·-

1709 4514 1727 4531 ·
1792 4484 2065 4568 currit
2119 4481 2777 4591 elegantissimus
2815 4515 3150 4600 caespes
3175 4549 3204 4594 ,
3245 4492 3510 4579 veluti
3562 4494 3986 4584 Clavaria
4025 4498 4382 4616 bottytis
4419 4507 4645 4591 PER-

1787 4648 2116 4708 sooNn:
2187 4639 2413 4707 totus
2475 4623 2770 4729 albus,
2853 4628 3008 4714 vix
3068 4628 3125 4712 8
3176 4629 3326 4717 lin.
3391 4630 3612 4718 altus
3695 4656 3777 4722 et
3855 4638 3956 4723 15
4041 4641 4322 4752 latus;
4402 4643 4640 4729 caule

1790 4780 2075 4853 erecto
2134 4793 2407 4849 crasso
2465 4762 2755 4874 glabro
2814 4794 3176 4881 superne
3231 4770 3805 4861 ramosissimo
3832 4842 3859 4884 ‚
3938 4782 4288 4868 ramulis
4364 4784 4646 4870 obesis

1787 4904 2335 4995 subrotundis
2390 4908 2646 4995 valde
2702 4912 3142 5023 confertis,
3182 4914 3570 5035 apicibus
3630 4919 4008 5036 capitulo
4065 4921 4333 5013 dilate
4371 4925 4642 5038 griseo
