5234 6725
1859 762 1993 821 xu

1966 910 2110 996 Me
2166 926 2452 995 tamen
2510 936 2680 994 non
2735 903 2982 1026 fugit,
3043 904 3294 990 unius
3347 902 3671 989 labores
3725 905 3943 989 tanti
4002 934 4172 992 non
4227 935 4443 1015 esse,
4506 933 4600 999 ut

1720 1054 2145 1142 'exhibere
2182 1053 2519 1140 valeant
2556 1069 2677 1136 tot
2714 1051 3052 1136 divitias
3090 1068 3420 1134 nostrae
3475 1049 3877 1135 naturalis
3932 1050 4325 1139 historiae
4352 1087 4379 1150 3
4436 1085 4595 1170 po-

1674 1219 1687 1228 ’
1732 1199 2153 1283 tissimum
2190 1193 2445 1279 hodie
2483 1220 2682 1278 cum
2723 1191 3344 1277 neotericorum·
3379 1191 3804 1304 diligentia
3844 1211 3966 1277 est
4005 1192 4398 1282 effectum
4422 1261 4449 1301 ‚
4494 1215 4587 1280 ut

1738 1338 2193 1425 nonnullae
2234 1339 2494 1423 etiam
2533 1364 2639 1421 ex
2678 1332 3227 1441 Lichenam,
3290 1334 3821 1449 aliarumque
3868 1364 4423 1447 congenerum
4461 1339 4590 1425 fa·

1737 1484 1973 1569 milia
2053 1481 2352 1595 stirpes
2427 1479 2743 1567 fuerint
2820 1510 2976 1598 pro
3046 1477 3320 1591 fungis
3383 1479 3717 1566 habitae
3746 1542 3775 1586 ,
3853 1497 3940 1565 et
4015 1498 4142 1567 tot
4217 1484 4589 1598 partium

1733 1630 2217 1744 plantarum
2275 1626 2484 1713 vitia
2499 1689 2530 1729 ,
2586 1626 3093 1742 posthabitis
3149 1626 3312 1712 illis
3368 1627 3670 1732 variis,
3728 1656 3946 1742 quae
3983 1629 4329 1716 credula
4376 1635 4591 1720 anti—

1734 1773 2010 1888 quitas
2050 1771 2365 1876 tenuit,
2409 1768 2517 1852 ab
2556 1766 2854 1855 iisdem
2893 1768 3298 1882 proficisci
3340 1797 3567 1854 nunc
3606 1787 3725 1854 est
3761 1790 4337 1883 compertum:
4390 1779 4585 1891 qui-

1738 1919 1895 2005 hus
1932 1916 2171 2003 novis
2208 1914 2594 2029 parasitis
2648 1913 3027 2026 gentibus
3065 1915 3809 2027 microscopiorum
3848 1917 4168 2005 auxilio
4197 1983 4225 2025 ‚
4285 1939 4366 2004 et
4421 1950 4587 2006 nu-

1731 2064 2047 2178 periori
2102 2060 2517 2147 industria
2571 2060 2995 2164 reseratis,
3051 2088 3272 2172 quae
3328 2059 3651 2146 vitiatis
3689 2060 3957 2146 succis
3981 2123 4008 2167 ,
4051 2091 4152 2147 ae
4209 2062 4585 2151 alimenti

1730 2232 2028 2291 earum
2083 2203 2464 2317 partium
2521 2199 2730 2303 viis,
2771 2231 2818 2286 a
2858 2201 3172 2317 quibus
3209 2217 3292 2286 et
3331 2198 3613 2285 sedem
3669 2221 3751 2286 et
3807 2203 4525 2319 victum-exigunt
4552 2270 4580 2312 ,

1723 2348 2000 2432 varias
2074 2348 2166 2432 in
2233 2346 2352 2430 eis
2387 2409 2413 2451 ,
2504 2345 2664 2432 sub
2731 2364 3200 2431 monstrosa
3267 2344 3767 2432 earumdem
3864 2347 4526 2460 configuratione
4550 2417 4577 2461 ,

1714 2491 2152 2578 morbosas
2209 2487 2684 2577 affectiones
2721 2492 3292 2601 constituunt3
3335 2490 3460 2576 nil
3499 2490 3863 2597 mirum,
3905 2494 3974 2579 si
4013 2524 4236 2583 nova
4277 2498 4364 2583 in
4404 2498 4587 2585 dies

1721 2655 1988 2746 segete
2026 2633 2478 2746 fungorum
2516 2665 2806 2721 census
2843 2634 3196 2722 feliciter
3232 2654 3667 2745 augeatur.
3711 2638 4296 2742 Quamobrem
4353 2644 4441 2727 in
4480 2643 4581 2729 il-

1717 2781 2159 2869 lustranda
2215 2779 2376 2865 hac
2414 2781 2851 2868 Botanices
2905 2799 3198 2895 parte,
3255 2784 3636 2897 patrium
3694 2783 3965 2869 solum
4025 2786 4221 2871 satis
4263 2787 4579 2904 ubique

1715 2943 2177 3013 exornante
2208 2990 2234 3030 ,
2278 2953 2385 3009 ne
2421 2926 2663 3036 gravi
2701 2923 3070 3040 pondere
3110 2924 3364 3009 unius
3401 2925 3710 3039 ingenii
3745 2926 3878 3011 vis
3915 2927 4366 3035 obruatur,
4406 2963 4578 3020 non

1713 3069 2280 3156 inconsultum
2321 3066 2533 3154 duxi
2583 3071 2676 3152 in
2712 3067 3123 3179 peculiari
3161 3066 3356 3153 albo
3393 3094 3683 3153 omnes
3733 3070 3917 3181 jam
3972 3073 4338 3184 cognitas
4393 3104 4579 3189 spe-

1717 3215 1927 3320 cies,
1972 3215 2229 3297 etiam
2266 3210 2503 3327 apud
2540 3242 2692 3300 nos
2727 3214 2992 3299 vitam
3031 3233 3400 3335 agentes,
3441 3213 3651 3301 alias
3687 3216 3967 3306 Vobis
3997 3221 4452 3333 praeber03
4492 3243 4576 3310 et

1713 3382 1943 3440 nunc
1967 3419 1993 3461 ,
2038 3373 2135 3440 ut
2172 3382 2379 3440 vero
2431 3354 2730 3440 melius
2784 3385 2981 3471 opes
3032 3376 3363 3442 nostrae
3419 3358 3951 3472 aperiantur,
4015 3381 4423 3479 tanquam
4481 3367 4571 3453 in

1713 3519 2233 3586 antecessum
2271 3499 2535 3612 hujus
2572 3502 2844 3615 operis
2871 3564 2897 3607 ‚
2941 3499 3173 3615 quod
3210 3519 3435 3589 certe
3471 3507 3869 3617 temporis
3925 3505 4570 3601 diuturnitatem

1711 3642 2078 3756 postulat
2103 3705 2129 3745 ,
2203 3670 2310 3725 ne
2378 3640 2708 3753 longius
2773 3659 3046 3728 vestra
3109 3661 3306 3732 vota
3368 3672 3687 3753 morer,
3772 3667 4090 3764 quanta
4158 3681 4397 3738 meae
4449 3675 4572 3740 est

1709 3781 2014 3866 mentis
2064 3782 2478 3888 tenuitas,
2537 3810 2847 3895 operae
2879 3786 3256 3896 pretium
3314 3787 3479 3873 erit
3535 3817 3765 3875 raras
3802 3792 4178 3904 proferre
4207 3860 4231 3899 ,
4301 3825 4566 3884 novas

1709 3924 2169 4010 describere
2191 3989 2223 4032 ,
2262 3955 2360 4012 ac
2402 3928 2760 4016 incertas
2795 3928 3264 4017 illustrare:
3305 3957 3530 4046 quae
3565 3962 3765 4021 sane
3803 3933 3917 4021 ad
3953 3939 4343 4027 scientiae
4402 3973 4564 4030 au-

1706 4084 2236 4177 gumentum,
2305 4087 2390 4153 et
2435 4069 2933 4180 penitiorem
2978 4069 3128 4188 huj
3138 4102 3230 4159 us
3279 4073 3541 4186 partis
3585 4098 3912 4165 nostrae
3961 4081 4084 4166 rei
4122 4082 4574 4196 ‚herbariae

1704 4210 2144 4295 historiam
2199 4211 2868 4324 comparandam
2923 4234 3255 4329 praesto
3309 4236 3586 4304 erunt.
3668 4218 3823 4307 His
3880 4223 4131 4334 igitur
4186 4227 4564 4315 breviter

1702 4355 2146 4469 propositis
2160 4418 2186 4458 ,
2232 4356 2461 4469 qu'od
2501 4355 2613 4442 ad
2652 4357 3005 4466 hujusce
3044 4365 3321 4472 operis
3359 4362 3870 4463 methodum
3919 4370 4325 4483 pertinet,
4370 4404 4566 4487 pro-

1707 4495 2034 4610 gredior
2047 4530 2077 4594 ,-
2099 4495 2206 4581 de
2243 4527 2413 4612 qua
2453 4527 2679 4583 nune
2707 4499 2844 4586 vel
2870 4526 3137 4612 pauca
3174 4501 3599 4619 quaedam
3629 4526 3874 4595 erunt
3897 4514 4558 4626 praemonenda.

1933 4639 2250 4727 Omnes
2293 4640 2443 4725 has
2499 4664 3078 4761 cryptogamas
3131 4651 3428 4765 stirpes
3465 4669 3758 4739 notatu
3813 4653 4223 4769 digniores
4245 4725 4272 4769 ‚
4332 4692 4562 4781 quae

1701 4786 2015 4905 passim
2072 4786 2372 4873 nostris
2410 4786 2880 4898 regionibus
2917 4809 3417 4899 occurrunt,
3461 4793 3551 4879 in.
3592 4814 3717 4881 tot
3754 4788 4206 4912 specimina
4247 4806 4552 4920 partiri
4669 4792 4680 4803 ’

1705 4955 2078 5050 satagam
2108 4999 2132 5038 ,
2176 4963 2552 5050 quorum
2586 4934 2907 5050 singula
2946 4936 3447 5028 earumdem
3486 4940 3935 5033 duodecim
3994 4949 4565 5065 comprehen-
