5234 6725
3166 653 3447 766 (64)

1881 862 2020 919 me
2079 831 2600 920 umbonatus
2630 898 2654 938 ,
2720 860 2763 919 2
2831 860 3025 922 unc.
3089 850 3173 919 et
3209 832 3438 921 ultra
3478 831 3750 939 latus,
3793 831 3953 924 sub
3995 831 4266 920 vitrea
4308 829 4536 916 lente
4576 830 4731 915 ob-

1879 978 2131 1064 solete
2190 977 2607 1088 sericeus3
2674 981 2944 1065 multa
3004 1007 3225 1094 aqua
3285 978 3724 1086 imbutus,
3791 975 3904 1066 ad
3973 975 4307 1063 fuscum
4366 978 4729 1064 colorem

1876 1125 2168 1235 vergit.
2235 1122 2716 1212 Lamellae
2772 1124 3143 1235 juniores
3199 1122 3508 1210 leviter
3564 1124 4009 1228 adnexae,
4093 1125 4409 1238 poetice
4476 1122 4729 1209 latio-

1873 1297 2004 1351 res
2036 1333 2063 1371 ‚
2158 1268 2649 1375 confertae,
2740 1267 2790 1352 5
2863 1267 3017 1353 lin.
3089 1267 3361 1376 latae,
3418 1266 3776 1354 demum
3844 1267 4534 1354 cinnamomeae:
4608 1268 4729 1351 la·

1869 1408 2271 1494 mellulae
2331 1408 2826 1525 inaequales
2859 1472 2885 1513 ,
2973 1406 3521 1495 ventricosae.
3582 1406 3871 1523 stapes
3930 1406 3983 1492 5
4039 1436 4237 1493 unc.
4315 1405 4491 1492 fere
4549 1407 4722 1492 lon·

1871 1583 2069 1661 gus,
2132 1552 2280 1655 4-5
2339 1551 2490 1640 lin.
2559 1581 2947 1660 crassus3
3007 1555 3244 1665 apice
3302 1582 3350 1637 e
3406 1552 3736 1638 cortina
3793 1547 4305 1657 fibrillosus,
4346 1549 4717 1656 albidus,

1873 1694 2057 1778 basi
2114 1724 2318 1779 vero
2376 1693 2825 1810 proliferus
2852 1757 2879 1799 ,
2944 1689 3568 1805 subspadiceus.

2097 1831 2445 1918 Collatis
2501 1831 2796 1918 sedulo
2850 1834 3061 1917 meis
3115 1832 3711 1945 speciminibus
3769 1859 3976 1920 cum
4031 1832 4133 1917 cl.
4194 1832 4268 1921 F
4272 1857 4522 1921 nmsn
4577 1831 4719 1918 de-

1866 1977 2377 2089 scriptione,
2462 2004 2562 2060 ac
2641 1973 3288 2062 Schaefferianis
3370 1974 3708 2090 figuris,
3789 1979 3969 2091 jam
4026 1976 4312 2090 paullo
4369 1995 4569 2064 ante
4629 1978 4712 2062 in

1866 2124 2118 2208 citata
2181 2118 2467 2207 tabula
2526 2122 3000 2234 expressis,
3060 2121 3396 2207 nullum
3458 2122 3914 2206 discrimen
3975 2121 4260 2209 inveni
4323 2123 4545 2208 inter
4581 2155 4714 2230 ea3

1865 2293 2035 2383 qua
2096 2265 2201 2350 de
2262 2295 2352 2352 re
2409 2266 2798 2375 ejusdem
2858 2268 3191 2352 ansn
3248 2265 3672 2353 dubitatio
3709 2295 3960 2379 super
3996 2269 4357 2353 veritate
4402 2268 4709 2355 harum

1868 2411 2339 2521 imaginum
2400 2413 2751 2496 omnino
2809 2411 3257 2502 evanescit.
3322 2407 3802 2497 Vitandum
3845 2428 4124 2495 tamen
4168 2430 4333 2517 est,
4386 2441 4544 2525 pro
4581 2442 4718 2499 no·

1865 2551 2117 2636 minis
2173 2548 2769 2655 similitudino,
2813 2548 3338 2636 confundere
3375 2569 3741 2639 nostram
3781 2551 4145 2662 speciem
4182 2581 4380 2638 cum
4427 2554 4710 2667 Agar.

1864 2691 2395 2803 (Rus-sula)
2456 2692 2964 2781 oclzroleuco
3019 2696 3474 2782 PnnsooNu
3507 2759 3531 2799 ,
3592 2699 3921 2810 Synop.
3984 2694 4214 2807 sung.
4274 2725 4466 2812 pag.
4516 2701 4706 2803 445,

1871 2839 2073 2953 quia
2131 2856 2469 2956 praeter
2554 2836 3126 2925 diversitatem
3185 2838 3773 2927 characterum
3806 2904 3833 2948 ‚
3920 2840 4031 2927 ad
4087 2840 4464 2930 diversas
4517 2871 4719 2958 quo-

1866 3010 2033 3094 que
2090 2984 2501 3070 sectiones
2561 2981 2654 3069 hi
2712 2981 2887 3069 duo
2946 2983 3184 3095 fungi
3240 2983 3694 3098 pertinent.

2633 3285 3109 3349 IcoNUM
3208 3285 3992 3349 EXPLICA'rlo.

1867 3603 2092 3691 Tu.
2157 3603 2531 3712 XXXI,
2562 3605 2741 3722 fig.
2810 3634 2878 3693 ι.
2938 3610 3335 3716 Quatuor
3388 3612 3626 3725 fungi
3682 3615 3863 3702 basi
3923 3615 4276 3707 insimul
4344 3623 4712 3724 connati,

2098 3749 2192 3835 iu
2278 3752 2592 3865 quibus
2673 3757 3294 3864 progressivum
3378 3788 3670 3846 eorum
3729 3763 4360 3852 incrementum
4414 3766 4712 3853 distin-

2092 3890 2306 3977 ctius
2363 3893 2892 3979 observatur.

1886 4103 1906 4123 .
1940 4097 1961 4118 .
1996 4097 2016 4120 .
2051 4098 2071 4119 .
2105 4099 2132 4143 ,
2163 4035 2341 4152 fig.
2410 4066 2494 4123 2.
2559 4039 2908 4150 Fungus
2963 4038 3246 4127 adhuc
3304 4043 3592 4155 junior
3646 4078 3695 4133 e
3734 4049 3999 4135 latere
4041 4052 4275 4137 visus
4310 4083 4331 4136 ε
4374 4081 4462 4157 a,
4506 4082 4599 4158 a,
4636 4081 4715 4137 a.

2089 4174 2232 4262 fila
2289 4179 2865 4266 arachnoidea
2923 4184 3336 4271 cortinam
3370 4248 3398 4293 ,
3459 4216 3610 4274 seu
3666 4188 3957 4277 velum
4016 4193 4654 4303 sagacissimum
4686 4257 4713 4299 ‚

2091 4320 2720 4407 constituentia.

1991 4516 2016 4543 .
2050 4522 2073 4544 .
2120 4522 2147 4564 ,
2184 4460 2363 4577 fig.
2432 4461 2515 4547 3.
2573 4460 3143 4550 Iudividuum
3201 4484 3641 4556 maturum
3697 4501 3848 4585 per
3903 4477 4313 4560 verticem
4351 4494 4707 4562 sectum.

1907 4663 1928 4685 .
1964 4666 1983 4685 .
2019 4661 2097 4689 ..
2136 4666 2163 4710 ,
2193 4600 2374 4720 fig.
2449 4621 2544 4704 4.
2605 4602 2816 4689 Pilei
2903 4603 3353 4717 epidermis
3436 4639 3596 4723 ope
3651 4614 4177 4728 microscopii
4232 4616 4650 4703 delineata
4691 4678 4716 4720 ‚

2090 4759 2190 4827 ut
2275 4747 2687 4831 sericeum
2769 4762 3251 4835 tomentum
3342 4753 3426 4835 in
3514 4754 3691 4865 ejus
3773 4753 4215 4868 superficie
4287 4757 4517 4843 clare
4573 4782 4717 4870 ap·-

2084 4904 2401 4996 pareat.
