5234 6725
3374 769 3470 833 11

723 914 866 1001 nio
893 976 930 1016 2
975 914 1255 1002 infans
1306 914 1415 1002 sit
1469 913 1749 1004 adhuc
1767 980 1798 1020 ,
1870 977 1896 1003 .
1929 982 1950 1002 .
1986 981 2007 1001 .
2039 976 2063 1001 .
2135 946 2188 1001 ι)
2233 945 2389 1006 nec
2432 918 2777 1030 ingeniis
2816 919 3311 1029 investigata
3349 921 3577 1035 prio-

722 1084 922 1146 rum
976 1087 1080 1159 »3
1139 1058 1449 1147 idcirco
1507 1082 1829 1149 certam
1871 1089 2106 1175 spem
2165 1059 2411 1151 foveo
2446 1090 2588 1148 me
2628 1061 2867 1152 haud
2922 1063 3373 1178 ingratum,
3418 1096 3571 1153 nec

720 1228 1449 1315 supervacaneum
1529 1204 1974 1318 suscepisse
2030 1202 2439 1291 laborem.
2503 1204 2838 1294 Praeter
2891 1206 3123 1292 enim
3202 1228 3573 1322 quatuor

718 1346 1034 1458 species
1099 1345 1279 1431 fere
1333 1372 1627 1432 omnes
1703 1376 1807 1432 ex
1868 1344 2345 1460 perniciosis
2400 1374 2451 1431 a
2507 1366 2793 1434 nostro
2845 1347 3058 1436 Fab.
3129 1350 3568 1439 Comama

718 1490 809 1576 in
862 1487 1313 1605 Ecplcrasi
1362 1496 1483 1601 (1)
1536 1489 2052 1605 insculptas3
2114 1491 2557 1577 nonnullas
2612 1493 2720 1580 de
2779 1495 3394 1585 esculentorum
3433 1524 3575 1607 ge-

717 1660 917 1722 nere
983 1633 1274 1750 patriis
1329 1632 1677 1720 vocibus
1732 1659 1783 1716 a
1837 1632 2134 1718 Joann.
2192 1630 2436 1748 Bapt.
2501 1637 2802 1722 Pon'u
2861 1636 2953 1721 in
3009 1666 3189 1752 cap.
3226 1666 3446 1745 Lxx,
3488 1655 3570 1720 et

712 1807 950 1868 Lxxt.
1001 1779 1190 1863 'lib.
1277 1805 1369 1861 x.
1484 1775 1784 1866 Villae
1879 1806 2082 1865 suae
2177 1779 2484 1866 relatas
2571 1784 2690 1891 (2)
2734 1845 2761 1886 ,
2855 1780 3007 1895 qui
3055 1845 3081 1886 ‚
3184 1801 3571 1868 monente

710 1921 1018 2008 Cnusto
1048 1985 1074 2027 ,
1138 1951 1191 2005 n
1247 1918 1637 2007 omnium
1678 1919 2314 2035 diligentissime
2339 1987 2366 2028 ,
2411 1922 2831 2037 quidquid
2872 1942 3192 2009 veteres
3232 1923 3339 2009 de
3381 1922 3571 2009 fun-

711 2096 763 2147 »
821 2067 942 2179 gis
998 2068 1405 2179 scriptum
1480 2067 2008 2184 reliquerunt
2047 2130 2073 2173 ‚
2157 2067 2565 2183 peculiari
2619 2068 3114 2185 complexus
3169 2088 3289 2155 est
3344 2075 3572 2186 capi-

711 2242 765 2294 »
825 2232 906 2298 te
967 2211 1084 2322 (5)
1112 2276 1138 2318 ,
1200 2242 1299 2299 ac
1357 2241 1818 2326 perpaucas
1874 2240 1925 2297 a
1984 2214 2236 2300 Vinc.
2287 2214 2702 2300 Panem
2762 2218 2879 2323 (4)
2939 2229 3022 2298 et
3078 2213 3343 2298 Mich.
3390 2213 3572 2300 Tn—

710 2384 951 2444 Nona
1009 2353 1123 2466 (5)
1179 2358 1266 2442 in
1306 2356 1670 2470 propriis
1722 2351 1845 2441 rei
1898 2354 2336 2443 herbariae
2391 2357 3058 2445 institutionibus
3114 2354 3602 2444 adumbret--

707 2518 874 2587 tas:
934 2528 1186 2586 nemo
1223 2498 1599 2615 profecto
1653 2499 1866 2588 alius
1917 2498 2026 2588 ad
2065 2500 2275 2589 haec
2330 2527 2598 2613 usque
2653 2518 3040 2613 tempora
3093 2528 3570 2614 peragrasse

705 2645 861 2733 has
916 2643 1343 2758 indigenas
1399 2648 1698 2759 stirpes
1751 2644 2089 2757 gloriari
2144 2646 2455 2731 merito
2510 2644 2787 2758 potuit
2807 2678 2834 2744 3
2873 2645 3268 2762 quamvis
3336 2640 3571 2757 apud

704 2817 853 2874 nos
909 2790 1227 2904 ubique
1280 2791 1662 2876 locorum
1690 2850 1721 2890 ,
1759 2787 2116 2903 perinde
2171 2816 2272 2873 ac
2327 2788 2541 2873 aliae
2598 2785 2970 2898 cujusvis
3024 2783 3390 2872 familiae
3439 2787 3568 2871 af-

698 2933 1056 3022 fluenter
1083 2998 1114 3038 ,
1165 2934 1554 3045 variique
1590 2933 1914 3042 generis
1955 2931 2426 3017 abundant.
2487 2930 2659 3016 Tot
2715 2930 2942 3017 enim
2996 2929 3435 3041 regionum
3484 2947 3569 3014 et

697 3078 852 3165 soli
910 3076 1433 3164 differentiae
1456 3138 1486 3177 ‚
1545 3106 1646 3162 ac
1703 3077 2202 3162 innumerae
2239 3075 2625 3190 plantae,
2664 3104 2881 3190 quae
2931 3074 3161 3188 apud
3211 3103 3362 3161 nos
3409 3074 3561 3159 ob-

698 3240 1187 3328 servantur,
1228 3220 1773 3309 commodam
1828 3222 1946 3306 eis
2000 3220 2286 3306 sedem
2314 3282 2345 3322 ,
2387 3236 2647 3333 atque
2687 3220 3212 3305 uberrimam
3249 3220 3562 3308 alimo-

697 3372 931 3456 niam
967 3387 1441 3481 praestant:
1482 3366 1712 3480 quod
1752 3365 2071 3450 mirum
2113 3362 2641 3453 famulitium
2677 3364 2767 3450 in
2806 3365 3200 3450 omnibus
3251 3364 3560 3479 plantis

697 3515 912 3600 adeo
950 3516 1276 3601 Natura
1317 3511 1873 3626 spectandum
1927 3510 2270 3622 praebet
2295 3574 2323 3616 ,
2386 3529 2484 3595 ut
2541 3509 2879 3594 nullum
2929 3538 3270 3623 prorsus
3309 3540 3556 3621 vege-

696 3657 947 3743 tabile
973 3720 998 3760 ,
1070 3657 1337 3741 immo
1393 3653 1722 3739 nullam
1779 3654 2154 3775 cujusvis
2219 3672 2549 3766 partem
2628 3669 2814 3738 tum
2887 3651 3244 3738 viridem
3279 3715 3309 3756 ,
3369 3672 3551 3738 tum

694 3802 1156 3888 arefactam
1213 3818 1363 3888 aut
1418 3817 1931 3899 maceratam
2006 3797 2123 3883 eis
2181 3827 2465 3886 carere
2532 3799 2931 3912 patiatur.
2999 3797 3235 3883 Nihil
3305 3796 3556 3907 igitur

694 3974 842 4032 uos
883 3974 1226 4032 movere
1263 3943 1616 4047 debeat,
1670 3942 1741 4027 si
1776 3967 2051 4026 novae
2088 3968 2419 4053 semper
2458 3970 2555 4026 ac
2594 3943 2957 4027 rariores
3015 3936 3414 4026 facillime
3468 3971 3553 4027 se

694 4087 1083 4203 prodant.

857 4294 952 4377 (ι)
993 4293 1223 4355 Romae
1246 4337 1267 4371 ‚
1316 4293 1518 4370 1616,
1561 4310 1700 4374 pag.
1734 4288 2012 4372 335-339

853 4406 947 4488 (2)
988 4401 1378 4467 Francosurti
1402 4447 1422 4479 ,
1474 4404 1633 4484 ¹⁵92
1657 4444 1679 4477 ,
1718 4414 1840 4485 pag
1883 4403 2181 4483 764-770.
2623 4486 2634 4497 ἱ

855 4514 949 4598 (3)
991 4513 1139 4577 vid.
1182 4518 1372 4577 Bm.
1403 4510 1753 4590 msung.
1772 4509 2137 4575 Pannoniis
2161 4506 2489 4588 ohanna,
2520 4506 2600 4571 td
2626 4505 2862 4572 calcem
2887 4509 3149 4571 Rarior.
3167 4504 3379 4591 plane.
3407 4508 3552 4574 hist.

691 4630 1056 4714 Antuerpiae
1083 4674 1101 4705 ,
1153 4628 1298 4690 1601
1307 4670 1330 4705 ,
1370 4644 1509 4711 pag.
1551 4626 1690 4689 288.
2785 4606 2798 4615 ‚

853 4743 952 4827 (4)
995 4745 1198 4805 tascie.
1238 4739 1443 4803 baean.
1489 4739 1794 4824 Neapoli,
1840 4740 1998 4823 1785
2021 4784 2044 4817 ‚
2088 4751 2236 4803 tom.
2275 4735 2360 4816 V,
2402 4754 2541 4822 pag.
2580 4735 2947 4801 2112-2136.

852 4854 946 4940 (5)
992 4860 1182 4921 Cor-so
1220 4853 1296 4916 di
1325 4852 1443 4917 bot.
1468 4852 1587 4917 Iex.
1630 4852 1754 4917 vol.
1783 4852 1897 4917 IV.
1925 4852 2181 4936 (mom
2208 4848 2375 4914 med.
2400 4851 2701 4927 univers„
2728 4869 2763 4914 ο
2808 4851 2913 4914 rt.
2934 4851 3169 4953 pam'03
3200 4846 3372 4915 dolla
3391 4869 3554 4935 pm·-

689 4974 854 5035 vinc.
884 4969 955 5032 di
984 4972 1162 5051 Nap.
1189 4968 1536 5053 )·Νφο1ι·,
1583 4969 1789 5047 1822,
1831 4987 1975 5054 port
2012 4968 2068 5047 1,
2110 4979 2255 5032 nect.
2300 4982 2385 5044 ε,
2428 4984 2565 5061 pag.
2605 4963 2893 5032 nwnsso.

2826 5081 2875 5124 «ο
