5234 6725
1871 696 2159 815 (67)

576 880 785 965 foris
843 878 1195 964 olitoriis
1234 877 1699 993 exponitur
1736 876 1946 965 hacc
1986 881 2325 991 species,
2371 877 2533 963 suh
2572 876 2911 962 nomine
2938 873 3285 990 fungio
3324 874 3441 968 de

578 1018 964 1136 chiuppo
1004 1025 1037 1130 (
1079 1019 1528 1106 individua
1586 1049 1839 1135 porro
1876 1020 2209 1130 juniora
2251 1015 2797 1107 cleiuvelielli
2834 1022 3334 1104 vocitantur
3372 1023 3438 1127 )‚

578 1159 727 1251 sed
785 1160 1119 1247 uberior
1175 1180 1302 1246 est
1357 1163 1834 1246 autumnali
1874 1179 2254 1274 tempore
2290 1180 2478 1273 post
2516 1160 2868 1246 imbres.
2916 1160 3113 1245 Non
3154 1162 3434 1246 solum

584 1304 675 1391 in
738 1307 1060 1391 truncis
1116 1305 1485 1391 abscissis
1543 1304 1959 1391 viridibus
2020 1304 2534 1420 populorum
2592 1304 3064 1412 colligitur,
3126 1331 3434 1389 verum

579 1448 840 1533 etiam
917 1449 1351 1535 exsiccatis
1436 1467 1523 1534 et
1603 1448 2273 1558 semimarcidis3
2331 1447 2801 1535 dummodo
2860 1448 2952 1533 hi
3010 1449 3099 1534 in
3161 1465 3443 1561 partes

585 1588 888 1692 divisi,
951 1589 1178 1674 cellis
1233 1590 1580 1676 vinariis
1636 1589 1991 1704 aliisque
2050 1591 2250 1675 locis
2307 1589 2691 1675 humidis
2732 1588 3168 1695 asservati,
3213 1616 3439 1702 aqua

579 1731 860 1845 tepida
956 1732 1317 1818 subinde
1412 1734 1900 1844 irrigentur.
1998 1732 2284 1843 Hujus
2380 1733 2710 1844 generis
2806 1732 3041 1847 fungi
3141 1734 3439 1848 priscis

584 1875 818 1961 haud
880 1876 1120 1963 fuere
1227 1878 1546 1987 ignoti,
1611 1907 1822 1990 quos
1880 1879 2454 1964 distinxerunt
2512 1878 2853 1962 nomine
2909 1878 3378 1992 Aegiritae
3414 1940 3438 1979 ‚

581 2039 662 2103 et
718 2022 984 2106 immo
1041 2021 1151 2104 ab
1206 2020 1504 2106 iisdem
1565 2022 2116 2108 inveniuntur
2173 2026 2460 2109 variae
2517 2020 3036 2135 populorum
3086 2020 3433 2131 species,

583 2161 833 2272 cujus
889 2163 1016 2248 rei
1077 2193 1371 2250 caussa
1433 2194 1598 2250 non
1651 2195 1955 2281 parum
1995 2167 2657 2252 commendatae.
2707 2167 3041 2252 Revera
3077 2165 3442 2249 PmNms

581 2306 697 2391 ita
777 2308 1192 2420 scriptum
1269 2311 1655 2423 reliquit:
1724 2346 1775 2400 ³)
1835 2313 2133 2426 Populi
2194 2313 2360 2396 tria
2419 2339 2784 2422 genera3
2845 2309 3036 2396 alba
3072 2369 3103 2413 ,
3159 2336 3259 2394 ac
3318 2307 3441 2390 ni-

580 2484 635 2537 »
692 2478 836 2560 gra
873 2515 897 2558 ‚
956 2469 1037 2537 et
1092 2481 1317 2565 quae
1362 2455 1702 2567 Libyca
1761 2455 2265 2568 appellatur,
2312 2456 2670 2543 minima
2715 2453 2974 2560 solio,
3036 2481 3135 2539 ac
3176 2451 3447 2561 niger·

583 2623 637 2675 υ
695 2596 964 2702 rima,
1054 2594 1499 2710 fungisque
1557 2599 2140 2685 enascentibus
2200 2598 2777 2685 laudatissima
2819 2600 3092 2706 ›>(1);
3154 2615 3240 2684 et
3296 2596 3445 2680 alii

584 2734 997 2847 populum
1060 2737 1382 2846 nigram
1444 2737 1904 2854 albamque
1936 2803 1960 2845 ‚
2024 2759 2123 2824 ut
2180 2740 2531 2826 inferius
2565 2738 2851 2825 dicam
2880 2802 2911 2846 ,
2951 2738 3210 2824 etiam
3251 2737 3438 2822 lau-

582 2871 834 2958 dibus
888 2880 1307 2986 prosecuti
1367 2876 1629 2964 sucre.

813 3011 1161 3099 Veteres
1209 3044 1556 3130 quoque
1579 3087 1608 3127 ,
1648 3022 2075 3133 quomodo
2116 3023 2274 3106 sibi
2312 3020 2815 3133 hujusmodi
2864 3022 3166 3138 {angos
3206 3051 3442 3107 com-

584 3171 988 3261 pararent
1059 3160 1296 3242 omni
1364 3175 1803 3271 tempore,
1867 3191 2060 3246 cum
2125 3164 2575 3248 comedere
2634 3169 2723 3250 in
2782 3163 3114 3252 deliciis
3173 3164 3441 3251 habe-

585 3308 832 3407 rent,
898 3329 1289 3417 magnam
1355 3306 1879 3420 diligentiam
1916 3374 1943 3415 ,
2008 3336 2102 3392 ac
2165 3309 2442 3392 varias
2501 3310 2971 3399 adhibuere
3029 3313 3446 3424 rationes;

589 3445 750 3531 hac
839 3444 946 3529 de
1028 3477 1123 3532 re
1183 3448 1552 3536 eximius
1611 3453 1963 3561 Pom-A,
2030 3456 2120 3540 in
2182 3454 2346 3542 fine
2404 3487 2586 3572 cap.
2649 3484 2819 3565 70,
2882 3455 3031 3543 lib.
3100 3493 3187 3548 x.
3249 3491 3448 3546 suae

601 3586 902 3672 Villae
935 3608 970 3694 ,“
1021 3590 1137 3675 ita
1196 3594 1624 3706 loquitur:
1695 3622 1746 3675 »
1809 3597 2237 3681 Postremo
2293 3629 2431 3685 eos
2491 3629 3101 3714 prosequemur
3138 3667 3162 3709 ,
3222 3634 3438 3717 quos

594 3763 647 3816 ³>
706 3762 844 3818 ars
900 3735 1247 3847 reperit.
1310 3735 1891 3830 Dtoscomnns
1951 3743 2209 3829 tradit
2267 3773 2445 3831 esse
2505 3745 2658 3857 qui
2718 3744 3064 3855 dicant,
3129 3752 3442 3834 utrius-

598 3904 651 3956 »
710 3905 878 3988 que
934 3880 1284 3992 populi,
1347 3883 1584 3970 albae
1643 3888 2104 4000 nigraeque
2164 3893 2522 3975 cortices
2584 3890 2672 3975 in
2712 3893 3120 3978 minutias
3159 3897 3443 3978 conci·

591 4046 646 4100 »
704 4047 838 4103 sos
873 4083 897 4123 ‚
960 4041 1046 4106 et
1099 4027 1512 4134 segetibus
1569 4034 2046 4116 stercoratis
2105 4035 2583 4145 inspersos,
2648 4034 2942 4144 fungos
2981 4036 3256 4141 utiles,
3303 4038 3434 4120 in-

599 4193 651 4245 »
710 4179 1292 4277 nocentesque
1351 4192 1650 4277 parere
1710 4187 1882 4254 toto
1941 4198 2161 4257 anno
2220 4173 2633 4259 restibiles
2694 4208 2776 4260 n.
2842 4174 3106 4261 Addit
3183 4179 3439 4262 etiam

750 4657 844 4740 (ι)
884 4660 1043 4723 Hist.
1107 4674 1231 4724 nat.
1272 4662 1381 4725 lib.
1424 4663 1581 4727 XVI
1606 4708 1625 4742 ‚
1668 4686 1801 4749 cap.
1844 4669 1944 4730 35.
1989 4673 2241 4750 August.
2280 4674 2556 4747 Taurin„
2601 4694 2676 4734 ex
2720 4688 2847 4758 typ.
2891 4675 3137 4758 Josephi
3179 4677 3453 4751 Pomba,

591 4785 739 4831 tom.
795 4774 859 4833 V
908 4772 1118 4856 (1832)
1141 4818 1160 4850 ‚
1204 4796 1344 4858 pag.
1384 4781 1528 4841 532.
1557 4806 1644 4839 -n
1687 4781 1986 4864 Libycam
2027 4783 2218 4866 vulgo
2260 4784 2619 4847 Tremulam
2664 4804 2883 4849 vocant
2909 4835 2926 4866 ,
2975 4809 3008 4848 a
3054 4788 3454 4851 tremulorum

600 4904 632 4938 ι»
677 4880 970 4944 foliorum
1015 4886 1246 4967 crepitu
1285 4888 1663 4970 strepituque
1704 4888 1937 4951 assiduo
1962 4934 1981 4970 ,
2026 4893 2281 4954 tremble
2325 4916 2377 4954 ».
2420 4895 2627 4958 Hm.
2667 4913 2796 4958 not.
2843 4898 2905 4957 iu
2947 4898 3062 4960 loc.
3096 4919 3289 4982 nuper
3334 4903 3444 4964 cit.
