5234 6725
1908 732 2194 844 (57)

621 900 1048 989 culturam
1105 899 1477 1012 solertia3
1522 930 1690 988 non
1728 931 1996 1019 parvo
2035 918 2258 990 certe
2296 900 2863 989 emolumento
2903 900 3455 1019 impenditur.

622 1040 943 1136 Eorum
998 1043 1386 1132 candoris
1444 1045 1672 1130 nitor
1728 1044 2088 1132 minime
2142 1072 2193 1128 a
2251 1046 2529 1131 noxiis
2570 1041 3020 1129 'effectibus
3073 1042 3164 1127 in
3225 1069 3464 1128 oeco-

624 1187 909 1274 nomia
967 1186 1317 1275 animali
1373 1186 1898 1299 denigratum
1956 1217 2158 1274 nam
2215 1185 2580 1272 hominis
2635 1183 3196 1276 incolumitati
3238 1181 3453 1270 nihil

626 1325 1041 1436 officiunt,
1100 1350 1185 1416 et
1242 1346 1426 1417 tuto
1485 1330 1821 1419 comedi
1879 1350 2251 1446 possunt.

837 1619 1104 1705 Usus.
1135 1669 1181 1686 -
1217 1620 1457 1709 Dum
1494 1622 1629 1708 isti
1666 1622 1902 1732 fungi
1937 1624 2246 1726 virent,
2277 1643 2362 1709 et
2401 1623 2743 1738 proprio
2781 1624 3146 1733 caespite
3182 1621 3469 1709 adhuc

619 1760 1068 1850 insidentes
1100 1829 1127 1869 ‚
1189 1765 1504 1849 semina
1585 1762 1855 1849 cruda
1910 1762 2246 1850 Coffeae
2329 1766 2652 1851 intense
2738 1762 3179 1872 redolent3
3255 1793 3460 1850 cum

616 1923 900 2019 postea
961 1903 1309 1991 odorem
1370 1901 1831 2013 fungorum
1920 1904 2303 1992 edulium
2390 1925 2767 1992 manant.
2839 1907 3012 2019 Ipsi
3098 1903 3466 2025 gaudent

614 2047 1072 2136 substantia
1130 2046 1328 2133 alba
1380 2074 1480 2133 ac
1539 2065 1827 2134 tenera
1860 2113 1889 2157 ,
1950 2047 2346 2162 mollique
2401 2048 2771 2137 cuticula
2850 2064 3117 2135 tecta:
3205 2046 3468 2132 etiam

608 2210 800 2302 post
856 2190 1040 2277 dies
1069 2255 1096 2297 ‚
1158 2219 1308 2277 nec
1354 2191 1736 2305 putridi,
1782 2211 1933 2280 aut
1972 2221 2023 2276 a
2064 2192 2591 2279 verminibus
2640 2193 2952 2279 corrosi
3008 2191 3463 2276 observan-

611 2352 807 2441 tur;
866 2332 1272 2447 quoniam
1333 2350 1415 2418 et
1474 2333 1816 2443 neglecti
1869 2353 2158 2447 suapte
2210 2351 2517 2422 natura
2571 2333 2765 2421 sicci
2819 2331 3243 2434 evadunt,
3286 2356 3467 2442 quo

609 2476 866 2568 modo
919 2503 1081 2591 pro
1138 2477 1325 2563 cibo
1363 2479 1772 2566 asservari
1811 2496 2219 2594 possunt3
2258 2506 2456 2565 cum
2497 2479 2724 2567 enim
2763 2479 2854 2566 in
2896 2505 3123 2591 aqua
3163 2473 3468 2588 ,tepida

607 2618 1151 2708 effundantur
1176 2685 1201 2727 ,
1262 2622 1573 2708 iterum
1608 2624 2159 2711 reviviscunt.
2206 2622 2449 2711 More
2485 2623 2847 2711 aliorum
2902 2622 3228 2709 excocti
3264 2640 3466 2706 sunt

604 2764 935 2878 sapidi,
1016 2783 1103 2849 et
1176 2764 1661 2879 digestionis
1747 2764 2264 2875 facillimae3
2326 2768 2453 2852 uti
2535 2795 2701 2856 non
2790 2768 3044 2880 pauci
3128 2763 3468 2878 jamdiu

602 2911 928 3022 experti
982 2929 1177 2997 sunt
1208 2975 1235 3015 ‚
1296 2937 1511 3022 quos
1566 2908 1704 2994 vel
1782 2938 1928 3019 ego
1997 2911 2170 3023 ipse
2255 2911 2608 3020 ingessi,
2697 2928 2779 2994 et
2856 2927 3090 3023 grato
3170 2936 3467 3020 sapore

602 3053 1065 3165 praeditos,
1154 3059 1624 3169 ceterisque
1701 3050 2226 3139 delicatiores
2290 3057 2559 3139 sensi:
2625 3053 2852 3140 unde
2930 3054 3155 3139 inter
3229 3053 3416 3139 illos
3438 3114 3463 3156 ,

598 3195 751 3306 qni
827 3193 1313 3282 salubritate
1367 3193 1842 3297 excellunt,
1918 3194 2219 3279 merito
2304 3214 2505 3280 sunt
2586 3193 3111 3308 reponendi,
3198 3209 3292 3280 et·
3355 3222 3466 3278 ex

599 3335 897 3449 iisdem
956 3335 1213 3450 dapes
1268 3336 1633 3450 optimae
1691 3335 1990 3441 haberi
2043 3356 2372 3454 queunt
2399 3402 2428 3446 ,
2470 3336 2787 3454 quibus
2822 3335 3468 3455 praestantiores

599 3512 933 3595 mensae
969 3485 1360 3572 continue
1414 3483 1940 3598 superbiunt.

1392 3796 1859 3856 IcoNUM
1935 3795 2687 3861 nerch'rlo.

603 4221 822 4307 TAB.
882 4217 1214 4308 XXIII.
1278 4215 1480 4302 Duo
1538 4217 1939 4331 caespites
1987 4216 2387 4331 descripti
2427 4215 2791 4328 agarici,
2833 4215 2945 4304 ab
2983 4215 3234 4303 unica
3273 4243 3467 4303 ma-

827 4361 1051 4475 trice·
1085 4376 1621 4466 enascentes;
1683 4383 2062 4472 quorum
2119 4386 2392 4442 unum
2433 4385 2521 4442 a.
2568 4356 2762 4444 fere
2793 4359 2886 4445 in
2940 4358 3221 4472 primo
3258 4387 3463 4444 evo-

821 4505 1163 4590 lutionis
1219 4499 1533 4615 gradu,
1592 4522 1672 4588 et
1728 4501 2099 4588 alterum
2141 4500 2224 4585 b.
2268 4501 2360 4588 in
2418 4500 2826 4590 adultiori
2885 4520 3198 4608 aetate,
3257 4501 3465 4590 haec

825 4649 1014 4733 icon
1070 4647 1366 4732 nativa
1423 4643 1644 4729 mole
1701 4644 2146 4757 exprimit.
3431 4644 3440 4653 '

606 4789 823 4879 TAB.
887 4786 1199 4875 XXIV
1265 4803 1778 4902 representat
1838 4783 2220 4895 ejusdem
2257 4784 2559 4897 speciei
2597 4783 3041 4872 individua
3078 4782 3443 4899 perfecte

828 4930 1235 5037 evoluta,
1298 4927 1567 5042 figura
1626 4956 1722 5014 ac
1783 4923 2358 5042 magnitudine
2414 4927 2683 5013 varia.

2560 5095 2659 5151 10
