5234 6725
2858 661 3197 767 (114)

1574 843 1792 932 leolo
1859 844 2160 929 conice
2205 905 2229 943 ‚
2296 839 2561 927 Hm..
2622 840 2842 924 Hist.
2942 869 3184 924 num.
3259 859 3461 941 2421
3511 900 3542 940 ,
3628 851 3825 921 var.
3898 839 4428 957 ›tl-Fataque

1577 985 1977 1102 agninas,
2039 996 2265 1069 totus
2350 980 3139 1070 saturo-coccineus
3165 1042 3197 1086 ,
3255 1010 3409 1065 seu
3463 978 3989 1064 kermisinus
4020 1045 4048 1082 ,
4093 980 4424 1094 pileolo

1577 1123 2309 1238 hemisphaerica,
2373 1126 2652 1211 M1cn.
2709 1123 2922 1207 Gen.
2978 1121 3240 1234 plant.
3282 1148 3466 1232 pag.
3550 1118 4163 1233 150.-Fungus
4204 1154 4432 1236 par-

1577 1299 1740 1353 vus
1794 1266 2294 1371 coccineus,
2356 1266 2671 1350 vium„
2728 1265 2908 1348 Bot.
2950 1260 3208 1375 paris.
3258 1290 3440 1374 pag.
3484 1259 3641 1366 66,
3704 1279 3859 1346 etc.
3916 1264 4075 1348 sub
4130 1268 4417 1376 Agar.

1592 1404 1987 1495 Acicula
2028 1433 2077 1489 a
2120 1405 2681 1493 ScHAEFFERo
2722 1401 3029 1507 relata,
3092 1402 3387 1517 procul
3445 1401 3706 1488 dubio
3747 1402 3859 1487 ad
3901 1413 4193 1516 Agar.
4236 1436 4428 1491 coc-

1582 1550 1981 1650 cineum,
2064 1548 2242 1634 sive
2298 1547 2774 1631 miniatum
2832 1546 3138 1629 varior.
3232 1562 3455 1632 auct.
3547 1545 3999 1657 pertinent.
4088 1548 4426 1632 Revera

1579 1695 1645 1776 si
1707 1692 2058 1804 hujusce
2114 1688 2353 1800 fungi
2412 1689 2882 1801 diagnosim
2967 1687 3429 1801 inspexeris
3464 1772 3471 1778 ,
3513 1690 3749 1800 apud
3807 1687 4170 1772 eundem
4237 1718 4433 1799 my-

1577 1834 1959 1945 cologum
2015 1837 2292 1938 (tom.
2357 1829 2521 1936 IV,
2583 1858 2768 1942 pag.
2836 1834 3047 1939 70),
3105 1825 3385 1912 denuo
3441 1829 3662 1939 ipsas
3720 1826 4069 1938 phrases
4128 1847 4428 1915 exacte

1575 1979 2122 2088 transcriptas
2160 1974 2601 2063 inveneris.
2644 1979 2920 2088 Agar.
2963 1969 3363 2056 Acicula
3402 1989 3684 2057 autem
3727 2001 3778 2055 a
3817 1975 4167 2060 Falnsm
4205 2004 4433 2060 nunc

1580 2126 1670 2210 in
1731 2153 1883 2210 suo
1940 2123 2168 2232 Syst.
2243 2149 2471 2231 myc.
2507 2183 2533 2226 ,
2600 2148 2784 2231 pag.
2856 2114 3074 2230 267,
3131 2117 3526 2228 Agarico
3620 2116 4120 2232 hypnorum
4175 2121 4431 2206 dubie

1576 2264 2122 2373 subjunctus,
2185 2289 2411 2346 nunc
2469 2260 2557 2344 in
2617 2259 2902 2345 Indice
2957 2258 3305 2371 alphab.
3371 2289 3557 2372 pag.
3627 2292 3673 2372 7
3707 2326 3733 2366 ‚
3796 2264 3951 2345 col.
4010 2292 4094 2366 1,
4137 2268 4429 2377 Agar.

1599 2403 1867 2493 Clavo
1894 2400 2442 2518 antepositus,
2468 2430 2624 2513 pro
2648 2400 3111 2487 differentia
3139 2404 3466 2517 aliquot
3490 2403 3982 2515 specialium
4011 2404 4435 2491 characte-

1582 2575 1781 2634 rum
1814 2612 1839 2651 ,
1903 2548 2026 2631 uti
2082 2572 2615 2655 synonymon
2675 2544 3026 2628 minime
3079 2543 3566 2630 retinendus
3622 2564 3764 2628 est.
3823 2543 4124 2629 Solum
4178 2551 4431 2659 Aga—

1582 2694 1820 2777 ricus
1865 2687 2416 2803 gracillimus
2473 2691 2649 2776 DR.
2744 2708 2827 2773 et
2885 2690 3095 2776 an.
3127 2755 3153 2795 ,
3213 2689 3616 2804 graphice
3675 2689 4057 2804 depictus
4115 2694 4204 2775 in
4263 2693 4436 2776 ele-

1586 2834 2077 2942 gantissimo
2134 2859 2385 2944 opere
2445 2861 2718 2944 nuper
2773 2832 3117 2917 Parisiis
3158 2833 3554 2944 evulgato
3573 2898 3599 2938 ‚
3659 2834 3797 2917 cui
3837 2833 4177 2919 titulus:
4238 2837 4439 2920 Ex·-

1577 2975 2025 3091 ploration
2082 2974 2639 3088 scientifique
2695 2974 2806 3061 de
2860 2975 3322 3088 Z'Algerie.
3389 2974 3941 3090 (Batauique
3974 3006 4162 3089 par
4213 3008 4421 3064 MM.

1590 3120 1865 3203 Rom?
1895 3115 2007 3203 de
2034 3117 2196 3202 S.‘-
2218 3122 2314 3204 V
2301 3117 2597 3202 iacent
2633 3131 2721 3202 et
2768 3120 3202 3205 DURIEU
3239 3116 3350 3201 de
3387 3119 4087 3223 Μαὶεοηηειινε,
4141 3120 4436 3234 1846)

1600 3287 1801 3343 cum
1860 3258 2205 3372 fungillo
2263 3258 2657 3348 Acicula
2713 3259 2823 3344 ad
2884 3259 3149 3344 multa
3205 3259 3601 3375 quadrat.

2270 3532 2797 3590 lcoNuM
2875 3532 3732 3592 EXPLICATIO.

1596 3902 1814 3987 ΤΑΒ.
1874 3900 2220 4002 XXIX,
2251 3896 2420 4011 fig.
2479 3901 2561 3986 3.
2618 3902 2782 3986 Par
2836 3898 3380 4010 fungulorum
3440 3906 3807 3989 naturali
3862 3908 4123 4013 mole,
4167 3926 4250 3992 et
4290 3936 4438 3993 va-

1820 4048 1950 4132 rio
2009 4045 2509 4132 evolationis
2563 4047 2828 4157 gradu
2885 4046 3097 4133 haec
3155 4048 3344 4132 icon
3399 4071 3987 4161 repraesentat.

1616 4255 1638 4280 .
1671 4249 1852 4300 ...,
1885 4190 2059 4304 fig.
2123 4205 2217 4288 4.
2259 4186 2814 4276 Individuum
2872 4189 3335 4303 perfectum
3392 4194 3551 4279 sub
3607 4195 3828 4281 lente
3886 4199 4198 4287 visum.
4240 4176 4248 4185 ’
4296 4282 4300 4285 Α

1618 4403 1643 4429 .
1678 4399 1752 4427 ..
1787 4404 1858 4449 .,
1895 4340 2070 4455 fig.
2136 4337 2213 4423 5.
2273 4339 2683 4452 Ejusdem
2738 4341 2996 4426 sectio
3058 4341 3802 4456 perpendicularis.
