5234 6725
1860 765 2149 874 (δι)

1629 1022 2042 1112 ΝἩΜ.
2143 1023 2351 1112 111.

1356 1269 1838 1348 AGARICUS
1911 1270 2345 1348 COFFEAE
2377 1325 2401 1361 ,
2468 1270 2653 1348 Non.

772 1527 809 1640 (
846 1526 1016 1613 Ser.
1061 1525 1128 1609 Ι.
1171 1527 1817 1643 Leucosporus.
1842 1526 2142 1613 -Trib.
2192 1526 2432 1618 VIII.
2488 1527 2917 1646 Clitocybe
2936 1592 2965 1633 ,
3009 1527 3149 1616 Fr.
3195 1530 3224 1636 )

802 1791 1107 1875 AGAR:
1171 1795 1685 1904 submagnus
1742 1793 1982 1880 albus
2017 1796 2520 1907 caespitosus
2560 1795 2697 1878 vel
2734 1822 2928 1881 raro
2963 1796 3428 1906 gregarius;

574 1934 795 2047 pileo
852 1963 1201 2019 carnoso
1258 1937 1637 2047 primum
1695 1936 2377 2051 plano-depresso
2405 2001 2430 2043 ,
2513 1937 2783 2024 limbo
2860 1937 3288 2024 tumidulo
3351 1956 3435 2022 et

575 2079 925 2162 incurvo
953 2142 981 2181 ,
1048 2098 1333 2190 postea
1393 2080 2116 2186 auriculaeformi‚
2159 2078 2526 2193 denique
2566 2080 2739 2166 late
2777 2107 3151 2196 expanso
3192 2076 3435 2163 adin-

575 2240 742 2305 star
782 2221 1342 2329 infundibuli,
1391 2226 1767 2336 margine
1807 2226 2246 2337 irregulari
2285 2256 2383 2312 ac
2423 2227 2656 2313 varie
2696 2225 3020 2332 lobat03
3075 2223 3432 2309 lamellis

573 2364 808 2474 louge
838 2365 1470 2454 decurrentibus
1506 2369 2046 2480 (praesertim
2076 2370 2160 2452 in
2194 2367 2730 2476 junioribus)
2774 2367 3165 2453 confertis
3207 2367 3436 2450 inae·-

574 2510 970 2623 qualibus
1027 2509 1955 2621 oblongo-lanceolatis3
2014 2511 2297 2630 stipite
2335 2513 2849 2601 subcentrali
2886 2511 3128 2600 brevi
3168 2509 3436 2599 solido

575 2650 1000 2768 prosunde
1055 2652 1455 2744 radicato.

764 2926 965 3003 Agar.
988 2924 1467 3006 neapolitanus,
1497 2924 1672 2988 Pus.
1698 2925 1865 3010 Myc.
1895 2946 2101 3008 europ.
2127 2903 2269 2987 sect.
2297 2924 2413 3000 111,
2440 2937 2593 3007 part.
2623 2925 2679 3002 1,
2706 2944 2846 3007 pag.
2880 2923 2957 3003 73
3004 2925 3026 3004 (
3060 2923 3435 2986 characteres

655 3056 690 3095 e
730 3036 1145 3118 speciminibus
1184 3038 1489 3099 exsiccatis
1531 3036 1832 3120 desumpti
1872 3036 1984 3120 (1).
2016 3071 2051 3083 -
2094 3044 2314 3115 Agar.
2347 3036 2844 3118 phyllophilus?
2869 3036 3109 3118 parad.
3152 3035 3270 3097 Fu.
3311 3035 3436 3095 Ind.

653 3144 903 3226 alphab.
942 3147 1006 3207 in
1045 3147 1207 3230 Syst.
1248 3167 1413 3231 myc.
1453 3145 1662 3232 ejusq.
1711 3149 1914 3232 suppl.
1953 3168 2104 3233 pag.
2143 3148 2246 3226 31,
2280 3146 2407 3214 col.
2450 3167 2488 3211 2
2532 3147 2705 3233 (hoc
2762 3167 3147 3234 synonymon
3189 3147 3439 3209 omnino

661 3256 998 3321 delendum
1038 3258 1205 3341 est).

799 3469 1192 3556 Provenit
1249 3502 1357 3557 ex
1412 3470 1740 3558 Coffeae
1797 3491 2042 3587 potus
2099 3475 2323 3560 faece
2352 3537 2378 3579 ‚
2440 3503 2746 3587 nempe
2822 3476 2912 3559 in
2980 3473 3440 3561 sedimento

577 3613 956 3729 pulveris
1033 3611 1427 3701 fabarum
1510 3631 1918 3699 testarum
1951 3677 1977 3719 ‚
2066 3614 2301 3729 quod
2348 3616 2641 3726 -vulgo
2709 3645 2941 3730 pesa
3011 3615 3161 3703 del
3213 3614 3445 3732 caffe'

580 3756 859 3844 dicere
919 3757 1177 3846 moris
1233 3775 1373 3843 est.

806 4029 1008 4114 ons.
1053 4077 1094 4095 -
1129 4029 1322 4115 Non
1378 4056 1688 4141 parum
1745 4030 1963 4113 circa
2021 4029 2391 4113 formam
2447 4026 2648 4141 pilei
2717 4025 3071 4136 hujusce
3143 4027 3462 4135 agarici·

587 4194 882 4261 natura
925 4170 1180 4257 ludit:
1234 4174 1322 4259 in
1366 4173 1871 4286 caespitibus
1915 4173 2125 4257 laete
2182 4172 2660 4280 vigentibus
2699 4199 3031 4284 semper
3070 4169 3452 4258 adinstar

749 4541 842 4625 (1)
883 4537 1183 4603 Professor
1222 4536 1488 4600 Michael
1529 4536 1784 4598 Tmou
1822 4553 1929 4618 pet·
1969 4533 2198 4598 litteras
2236 4531 2469 4614 gallico
2507 4551 2781 4594 sermone
2822 4543 3094 4597 exaratas
3132 4530 3285 4593 haec
3325 4531 3454 4613 ipsa
3517 4544 3524 4551 ·

592 4655 915 4742 specimina
968 4674 1114 4717 ann.
1179 4651 1334 4713 1828
1375 4647 1473 4713 illi
1514 4647 1993 4710 communicavit
2013 4668 2032 4707 z
2093 4645 2161 4709 id
2208 4644 2348 4709 fecit
2367 4691 2388 4725 ,
2458 4659 2529 4707 ut
2581 4643 2943 4728 perillustris
2998 4644 3310 4709 botanicus
3367 4646 3454 4707 rei

594 4770 856 4835 novitate
897 4766 1082 4831 etiam
1124 4765 1419 4841 concitus,
1463 4774 1728 4825 nostram
1764 4758 2099 4843 elegantem
2137 4760 2395 4846 speciem
2433 4759 2497 4823 in
2536 4779 2718 4844 supra
2744 4759 2850 4824 cit.
2884 4778 2991 4823 suo
3017 4777 3224 4844 opere,
3255 4776 3454 4842 quan-

528 4942 535 4949 .
596 4899 731 4945 tum
769 4900 918 4943 vero
957 4894 1156 4966 partes
1194 4890 1488 4940 emortuas
1528 4875 1789 4958 aspicere
1826 4870 2084 4939 licuerat
2105 4915 2129 4952 ,
2191 4873 2399 4938 statim
2440 4871 2845 4951 describeret,
2901 4885 2963 4936 et
3016 4869 3462 4957 Parthenopeia

601 4993 838 5059 nomine
878 4990 1126 5077 dignam
1167 4987 1479 5074 designare
1519 4982 1829 5057 erederen

2627 5095 2674 5137 t
