5234 6725
2799 774 3141 877 (110)

1521 950 1884 1060 longae,
1977 947 2284 1060 postico
2368 943 3222 1028 sinuato-truncatae.
3324 940 3612 1053 Stipes
3671 942 3761 1023 in
3820 937 4165 1051 pileum
4226 940 4401 1024 dif-

1528 1089 1769 1172 fusus
1800 1150 1829 1189 ,
1926 1086 2064 1171 25
2124 1113 2324 1168 unc.
2388 1082 2744 1192 longu83
2804 1097 2893 1164 at
2954 1105 3122 1163 uon
3184 1105 3374 1165 raro
3432 1079 3989 1166 brevissimus
4048 1101 4137 1165 et
4196 1082 4373 1166 basi

1522 1254 1841 1312 curvus
1868 1290 1894 1330 ‚
1961 1245 2113 1329 2-4
2151 1223 2300 1308 lin.
2351 1249 2677 1307 crassus
2702 1285 2729 1326 ,
2775 1220 3088 1307 farctus
3120 1287 3145 1325 ,
3188 1222 3658 1334 inaequalis
3687 1286 3710 1322 ,
3751 1218 4086 1333 glaber,
4129 1226 4368 1335 apice

1517 1372 2029 1483 plerumque
2114 1359 2830 1481 albo-pruinosus.
2923 1367 3141 1453 Car'o
3227 1382 3535 1469 tenax,
3582 1364 3886 1452 'albida
3926 1432 3950 1471 ,
4013 1369 4372 1452 odorem

1526 1512 1971 1601 mucidum
2028 1541 2130 1599 ac
2188 1508 2677 1595 amaritiem
2731 1513 3014 1595 sentit.

1739 1656 2139 1744 Varietas
2221 1630 2534 1741 exinde
2590 1656 2747 1767 (β.
2837 1656 3132 1769 Agar.
3217 1653 3529 1769 polius
3584 1660 3753 1765 (1),
3818 1673 3913 1738 ut
3975 1656 4387 1740 mirabilis

1533 1800 2098 1889 antecedentis
2192 1801 2780 1886 monstrositas
2878 1828 2924 1882 a
3022 1799 3372 1887 Faleslo
3469 1798 3977 1885 describitur
4022 1864 4048 1904 ‚
4159 1829 4386 1912 quae

1542 1945 1994 2059 hucusque
2080 1942 2299 2028 mihi
2383 1941 2726 2028 obviam
2811 1968 2978 2024 non
3041 1940 3302 2026 venit.
3359 1940 3563 2025 Jure
3623 1937 3974 2024 demum
4034 1939 4385 2054 ipsemet

1530 2087 2108 2198 sagacissimus
2191 2101 2496 2169 auctor
2577 2079 2908 2168 nullam
2976 2110 3323 2197 prorsus
3404 2111 3607 2166 oum
3690 2086 3974 2197 Agar.
4034 2086 4378 2196 virgato

1526 2229 2031 2316 affinitatem
2105 2228 2491 2334 detexit,
2571 2215 2945 2342 ¹eamque
3032 2227 3153 2311 sic
3240 2224 3522 2312 firmat
3610 2229 4115 2313 auctoritate
4200 2259 4377 2313 sua.

1533 2403 1585 2454 υ
1647 2370 2084 2461 Differunt
2144 2379 2380 2457 enim
2436 2373 2655 2458 inter
2714 2400 2802 2455 se
2860 2400 3030 2456 non
3092 2388 3425 2459 tantum
3483 2389 3580 2456 ut
3635 2370 4177 2456 diversarum
4221 2374 4377 2456 tri-

1530 2546 1583 2597 ³)
1641 2511 1911 2602 buum
1979 2515 2298 2629 speeies
2332 2578 2358 2621 ,
2416 2535 2724 2599 verum
2787 2532 2870 2599 et
2928 2532 3251 2601 statura
3310 2529 3487 2599 tota
3520 2567 3545 2619 ⁵
3606 2512 4146 2599 lamellarum
4205 2513 4373 2599 for-

1520 2688 1575 2741 »
1632 2685 1774 2742 ma
1830 2667 1911 2740 et
1968 2657 2503 2764 annexione,
2564 2651 2765 2772 pilei
2824 2649 3132 2742 indole.
3219 2664 3512 2770 Agar.
3600 2655 3991 2770 virgatas
4044 2651 4374 2744 fibrinis

1519 2825 1571 2878 υ
1631 2793 1888 2909 nigris
1943 2797 2257 2883 innatis
2315 2824 2651 2912 semper
2706 2783 3116 2910 virgatas,
3160 2790 3534 2910 quarum
3576 2796 3664 2883 in
3703 2797 3988 2913 Agar.
4005 2798 4377 2911 fumoso

1517 2973 1571 3023 ³)
1626 2970 1734 3027 ne
1792 2943 2241 3054 vestigium
2301 2942 2660 3060 quidem
2720 2943 3023 3029 ».-El.
3080 2943 3315 3055 fung.
3382 2942 3531 3027 loc.
3595 2944 3987 3059 superius
4046 2946 4179 3031 cit.
4302 2913 4315 2922 Ι

2278 3213 2747 3275 lcoNUM
2823 3183 3610 3278 Exrch'Tlo.

1517 3577 1744 3664 ΤΑΒ.
1809 3556 1993 3681 ΧΪ,
2025 3576 2208 3689 fig.
2274 3594 2374 3678 4.
2440 3576 3005 3665 Individuum
3090 3581 3428 3669 mediae
3506 3591 3854 3694 aetatis,
3940 3592 4024 3675 in
4084 3623 4383 3708 super·-

1741 3721 1930 3809 ficie
1986 3729 2302 3810 visum.

1537 3931 1556 3949 .
1591 3930 1610 3951 .
1646 3931 1668 3953 .
1706 3931 1724 3950 .
1776 3934 1802 3974 ‚
1838 3868 2008 3983 fig.
2072 3872 2159 3954 5.
2227 3867 2796 3957 Individuum
2855 3871 3221 3985 perfecte
3278 3874 3772 3979 evolutum,
3812 3880 4131 3992 pariter
4172 3884 4385 3970 deli-

1753 4034 2127 4102 neatum.

1677 4421 1773 4504 (1)
1817 4446 1850 4481 »
1893 4423 2261 4487 Densissime
2316 4428 2675 4509 caespitosus
2696 4472 2717 4506 ‚
2768 4424 2935 4509 pileo
2982 4424 3211 4509 griseo,
3253 4423 3527 4489 lamellis
3568 4427 3992 4513 stipitibusque
4030 4429 4377 4513 inaequali-

1511 4561 1543 4594 »
1586 4537 1698 4599 bus
1757 4536 2009 4601 albidis.
2039 4541 2347 4621 -Seepae‘tes
2406 4542 2432 4625 (
2471 4541 2666 4614 40-50
2706 4539 2731 4622 )
2792 4541 2860 4600 in
2924 4560 3141 4625 eorpus
3205 4562 3532 4605 carnosum
3571 4543 3705 4606 basi
3745 4545 3992 4608 connati
4019 4590 4040 4624 ,
4082 4544 4364 4624 flexuosi,

1517 4671 1550 4705 »
1592 4648 1816 4732 glabri.
1861 4653 2040 4716 Pilei
2085 4655 2193 4725 112
2218 4690 2251 4701 -
2283 4673 2322 4717 2
2361 4675 2497 4717 unc.
2538 4652 3045 4737 convexo-plani.
3071 4655 3201 4716 ·1n
3240 4658 3457 4741 pinetis
3498 4670 3562 4721 et
3596 4655 3809 4740 sagetia
3832 4701 3855 4736 ,
3896 4657 4135 4742 passim.
4164 4659 4319 4743 Aug.
4343 4696 4371 4708 —

1517 4785 1551 4819 »ι
1596 4762 1731 4825 Oct.
1779 4788 1833 4826 ι».
1874 4764 1990 4829 Fa.
2030 4765 2176 4831 obs.
2219 4768 2288 4844 1,
2329 4787 2469 4851 pag.
2516 4765 2900 4850 19.-Ejusd.
2941 4766 3097 4853 Syst.
3139 4788 3302 4853 myc.
3345 4769 3476 4833 vol.
3518 4771 3550 4832 1
3575 4815 3596 4849 ,
3638 4792 3777 4857 pag.
3819 4772 3920 4857 89.
3960 4771 4083 4836 sed
4122 4771 4382 4854 majori-

1505 4868 1624 4933 bus
1663 4874 1971 4961 indaginis
2013 4881 2327 4965 percitus,
2367 4881 2535 4944 hanc
2577 4902 2712 4945 var.
2755 4883 2820 4942 in
2860 4883 3181 4966 posteriori
3224 4904 3405 4968 opere
3449 4883 3602 4968 (El.
3641 4884 3867 4971 sung.)
3907 4886 3988 4950 nd
4027 4890 4230 4968 Agar.
4278 4889 4383 4950 al·-

1515 4983 1750 5048 bellum
1790 4988 2067 5055 sewun.
2111 4992 2136 5076 (
2177 4994 2380 5077 Fung.
2423 4995 2544 5058 tab.
2594 5013 2709 5057 122
2750 4994 2777 5078 )
2819 4995 3118 5079 pertinere
3159 5010 3451 5060 autumat.
