5234 6725
2806 680 3152 785 (¹24)

1537 875 2090 951 araneosum‚
2153 848 2808 960 fugacissimum.
2869 845 3091 931 Caro
3154 843 3795 959 aquoso-flava,
3885 840 4223 945 mollis,
4298 844 4383 925 in

1534 993 2154 1076 senescentibus
2216 993 2627 1077 subtenax
2656 1054 2682 1094 ,
2743 1017 3042 1104 sapore
3103 1014 3201 1070 ac
3260 987 3525 1072 odore
3581 987 4013 1073 levissimo
4074 984 4388 1097 rapha·

1538 1135 1628 1218 ni
1685 1134 2095 1249 praedita.

2221 1406 2741 1466 ICONUM
2845 1411 3716 1473 EXPLICATIO·

1554 1806 1777 1894 ΤΑΒ.
1841 1807 2290 1914 XXVIII,
2331 1808 2480 1924 fig
2534 1827 2633 1910 4.
2701 1808 3042 1919 Fungus
3097 1810 3376 1920 junior
3406 1874 3431 1913 ,
3479 1828 3794 1896 statura
3839 1816 4188 1900 omnino
4226 1846 4382 1929 pro

1784 1953 1970 2063 pria
2031 1950 2449 2065 depictus.

1693 2157 1712 2179 .
1751 2159 1770 2177 .
1818 2160 1842 2198 ‚
1879 2097 2057 2209 fig.
2125 2098 2203 2178 5.
2268 2098 2611 2203 Fungus
2672 2093 3033 2208 perfecte
3087 2097 3502 2182 evolutus.

1644 2293 1717 2321 2.
1753 2301 1775 2326 .
1822 2302 1848 2342 ‚
1882 2236 2057 2348 fig.
2121 2237 2194 2321 6.
2256 2234 2489 2319 Idem
2576 2267 2725 2348 per
2798 2239 3191 2322 verticem
3253 2259 3520 2325 sectus
3556 2254 3591 2344 ,'
3641 2271 3813 2353 quo
3872 2241 4404 2328 lamellarum

1793 2380 2135 2483 forma,
2199 2397 2280 2461 et
2339 2380 2643 2490 stipitis
2702 2378 2959 2491 pulpa
3020 2377 3249 2466 clare
3308 2400 3801 2493 appareant.

2675 2655 2755 2736 N
2806 2653 2896 2736 U
2945 2654 3092 2736 M.
3189 2653 3333 2794 X..

2265 2905 2730 2982 AGARICUS
2780 2905 3467 2982 STR0131L01DES
3497 2962 3517 2998 ,
3569 2906 3758 2983 Non.

1788 3181 1817 3280 (
1859 3176 2003 3258 Ser
2046 3175 2201 3259 IV.
2247 3173 2767 3258 Dermmas.
2798 3219 2837 3233 -
2865 3172 3111 3257 Trib.
3162 3172 3456 3257 XXII.
3507 3172 3921 3258 Pholiota
3955 3175 4003 3258 ‚9
4041 3175 4186 3261 Fr.
4235 3181 4265 3285 )

1816 3429 2101 3513 AGAR.
2171 3426 2853 3537 subcaespitosus
2893 3424 3395 3522 mediocris3
3458 3427 3677 3538 pileo
3716 3425 4438 3539 hemisphaerion,
4524 3444 4536 3455 '

1595 3570 1949 3654 demum
2009 3567 2887 3680 convexo-explanato
2952 3567 3142 3651 albo
3202 3567 3715 3653 reticulatim
3775 3566 4148 3670 sulcato,
4210 3598 4448 3654 areo-

1602 3717 1704 3799 lis
1760 3712 2270 3826 prominulis
2327 3712 2771 3825 polygonis
2832 3712 3223 3827 apicibus
3282 3712 3693 3798 truncatis
3761 3740 3860 3795 ac
3943 3711 4198 3798 fuscis
4226 3748 4251 3810 3
4330 3713 4452 3795 la-

1601 3855 1876 3941 mellis
1935 3855 2512 3969 inaequalibus
2572 3856 3055 3941 ventricosis
3112 3852 4103 3960 rufescente-umbrinis;
4163 3854 4451 3968 stipite
4546 3954 4551 3959 ο

1603 4000 1826 4112 pileo
1885 3997 2318 4083 concolore
2350 4061 2376 4101 ‚
2438 3998 2912 4110 squamulis
2969 3993 3371 4108 spadiceis
3413 3994 3796 4108 undique
3842 4022 3938 4079 ac
3981 3993 4456 4079 inordinate

1607 4143 1935 4244 cincto,
1994 4139 2182 4224 loco
2244 4137 2533 4222 annuli
2595 4137 3112 4250 majoribus,
3174 4154 3263 4221 at
3319 4136 3702 4246 superius
3761 4134 3937 4221 fere
3993 4133 4255 4220 nudo.

1838 4410 2196 4521 Elegans
2236 4408 2445 4495 haec
2484 4410 2847 4522 species,
2890 4426 2976 4494 et
3018 4410 3341 4495 nemini
3380 4406 3682 4508 affinis,
3727 4404 4197 4492 autumnali
4246 4424 4466 4488 tem-

1615 4584 1825 4670 pore
1884 4557 1972 4639 in
2035 4555 2244 4641 locis
2305 4557 2695 4644 Vesaevo
2755 4555 3251 4668 propinquis
3304 4554 3726 4666 provenit.
3812 4554 3959 4638 Me
4007 4577 4216 4635 vero
4258 4549 4472 4658 fugit

1630 4715 1918 4781 utrum
1978 4727 2024 4781 e
2080 4712 2307 4779 terra
2366 4712 2806 4799 nascatur,
2866 4722 2977 4779 an
3034 4723 3144 4781 ex
3204 4693 3644 4781 arboribus
3683 4694 4006 4780 caesis:
4070 4694 4476 4806 quoniam

1620 4840 1906 4954 elapso
1987 4841 2314 4928 octobri
2400 4842 2557 4926 iter
2646 4839 2857 4928 mihi
2955 4839 3294 4929 facienti
3382 4842 3605 4929 inter
3697 4839 4308 4954 Pompejanum
4398 4853 4481 4917 et
