5234 6725
3170 634 3453 749 ‹68›

1876 807 2056 918 ipse
2112 820 2412 891 auctor
2466 802 2705 918 quod
2764 830 3015 919 super
3072 803 3374 891 eodem
3430 825 3935 916 argumento
3993 808 4503 898 Tarentinus
4561 843 4745 899 me·

1881 947 2208 1034 moriae
2266 945 2703 1062 prodidit:
2768 977 2820 1029 n
2879 946 3341 1034 Fermento
3426 951 3692 1055 (sunt
3771 952 4037 1036 verba
4096 955 4589 1065 scriptoris)
4650 959 4744 1042 in

1879 1123 1931 1176 »
1991 1094 2191 1206 ipsis
2275 1092 2565 1204 populi
2629 1093 2914 1199 nigrae
2974 1093 3297 1178 truncis
3318 1157 3345 1198 ,
3417 1092 3665 1204 juxta
3724 1114 4042 1181 terram
4106 1099 4443 1207 recisis,
4502 1130 4736 1215 aqua

1884 1266 1936 1318 ³>
1998 1234 2310 1342 diluto,
2354 1240 2743 1352 protinus
2784 1238 3263 1325 coalescunt
3290 1238 3769 1351 Aegiritae
3811 1269 3863 1322 n
3899 1245 4046 1347 (1).
4086 1238 4441 1353 Insuper
4479 1244 4739 1328 MAT-

1879 1405 2245 1463 'rffioLUs
2303 1377 2774 1490 explanans
2827 1376 3375 1462 Dsoscomms
3434 1376 3898 1488 capitulum
3958 1404 4193 1483 xcm,
4238 1377 4345 1464 de
4384 1379 4733 1493 Populo

1882 1517 2090 1606 alba
2132 1538 2217 1605 et
2256 1521 2539 1635 nigra,
2579 1520 2742 1605 hos
2784 1519 3079 1632 fungos
3116 1518 3440 1627 laudat,
3483 1538 3568 1603 et
3607 1518 3961 1605 eandem
4006 1521 4504 1607 methodum
4545 1552 4735 1608 am-

1889 1666 2278 1779 plectens,
2323 1669 2439 1752 ita
2478 1697 2563 1753 se
2601 1666 2981 1780 expedit:
3011 1696 3064 1750 ³)
3099 1667 3357 1779 Atqui
3402 1682 3835 1782 praeterea
3875 1691 4094 1782 quae
4135 1695 4181 1750 a
4224 1667 4590 1753 GALENo
4630 1668 4740 1754 de

1886 1840 1939 1893 ³)
1994 1809 2301 1925 Populi
2346 1808 2894 1895 facultatibus
2934 1810 3245 1922 scripta
3286 1827 3511 1913 sunt,
3544 1808 3809 1893 sciant
3837 1791 4002 1893 hoc
4030 1809 4290 1894 velim
4326 1809 4449 1894 rei
4477 1809 4747 1894 medi-

1890 1986 1942 2038 »
2002 1975 2149 2039 cae
2210 1953 2551 2041 studiosi
2583 2017 2609 2060 ‚
2653 1955 3061 2068 populum
3105 1954 3391 2039 albam
3427 1954 3700 2038 humo
3741 1972 3984 2040 tenus
4024 1974 4341 2039 sectam
4369 1953 4478 2038 ad
4510 1953 4741 2040 radi-

1879 2128 1933 2182 »
1995 2127 2176 2184 cem
2220 2126 2520 2211 usque,
2560 2119 2645 2183 et
2686 2127 2909 2215 aqua
2948 2097 3247 2203 calida,
3287 2099 3376 2183 in
3420 2126 3595 2211 qua
3624 2097 4148 2184 fermentum
4187 2097 4439 2183 fuerit
4482 2097 4740 2183 disso-

1880 2278 1930 2330 n
1992 2244 2281 2330 lutum
2312 2307 2338 2350 ‚
2383 2243 2839 2357 perfusam,
2904 2244 3130 2330 infra
3168 2243 3731 2357 quatriduum
3771 2244 4068 2355 fungos
4109 2246 4483 2358 copiosos
4539 2244 4736 2331 ede-

1878 2422 1930 2473 n
1990 2419 2080 2476 re
2113 2449 2141 2497 ,
2199 2391 2376 2474 esui
2433 2417 2773 2502 quoque
2830 2390 3344 2499 gratissimos
3381 2423 3434 2477 n
3479 2391 3625 2498 (2).
3665 2386 3940 2473 Hodie
3966 2451 3991 2492 ,
4033 2389 4159 2472 uti
4202 2387 4671 2500 antiquitus
4700 2453 4725 2493 ,

1731 2638 1735 2642 .
1878 2529 2015 2612 isti
2078 2525 2319 2639 fungi
2376 2527 2603 2611 laute
2666 2525 3092 2632 eduntur,
3156 2545 3245 2610 et
3300 2529 3391 2613 in
3451 2525 3926 2631 conviviis,
3990 2526 4138 2639 qui
4196 2542 4391 2609 sunt
4455 2527 4732 2637 prima

1882 2686 2216 2775 aetate,
2303 2669 2506 2784 quia
2592 2667 3126 2783 sapidiores,
3187 2669 3298 2754 ad
3358 2667 3597 2780 gulae
3655 2669 4302 2754 incitamentum
4360 2670 4520 2753 sub
4574 2693 4729 2752 va-

1872 2809 2027 2898 riis
2086 2809 2815 2896 embammatibus
2871 2807 3123 2895 valde
3180 2812 3764 2895 aestimantur.

2551 3138 3072 3197 lcoNUM
3170 3135 4052 3196 EXPLICATIO.

1876 3549 2092 3633 ΤΑΒ.
2136 3544 2740 3657 XXX11,fig.
2800 3574 2865 3631 ι.
2910 3544 3273 3656 Caespes
3308 3543 3687 3656 Agat-ici
3722 3543 4192 3657 Aegiritae
4222 3610 4247 3648 ‚
4312 3544 4460 3630 ubi
4505 3575 4741 3632 com-

2063 3687 2358 3798 ·plura
2416 3684 2863 3773 individua
2922 3680 3316 3770 diversae
3378 3687 3664 3769 aetatis
3723 3687 4313 3773 observantur.

1895 3893 1914 3912 .
1950 3888 1970 3910 .
2008 3890 2028 3912 .
2065 3888 2128 3931 .‚
2145 3825 2325 3939 fig.
2376 3855 2455 3909 2.
2496 3824 2848 3932 Fungus
2887 3822 3166 3909 adhuc
3208 3824 3755 3927 immaturus,
3786 3854 3937 3936 per
3968 3827 4379 3909 verticem
4420 3846 4727 3934 seetu83

2105 3996 2215 4066 a,
2259 3993 2348 4047 a.
2398 3962 2738 4068 velum3
2783 3960 2835 4045 b
2868 4026 2892 4065 ‚
2933 3958 3014 4043 b.
3065 3959 3594 4070 hymenium.

1895 4173 1912 4191 .
1947 4165 1967 4186 .
2002 4164 2024 4186 .
2062 4165 2125 4207 .‚
2155 4104 2316 4215 fig.
2361 4100 2441 4185 3.
2487 4099 2729 4182 Idem
2774 4098 3085 4209 fungus
3126 4099 3471 4210 integer,
3514 4100 3621 4179 ad
3666 4100 4071 4184 ultimum
4113 4102 4729 4189 incrementum

2100 4240 2618 4356 perductus,
2683 4256 2766 4323 et
2825 4269 2870 4321 e
2926 4240 3182 4323 latere
3242 4239 3733 4322 delineatuS.

2040 4736 2131 4817 (ι)
2175 4736 2453 4796 Francos.
2501 4733 2657 4812 1592
2689 4779 2706 4807 ,
2746 4751 2878 4813 pag.
2928 4735 3063 4809 768.

2040 4848 2138 4930 (2)
2185 4847 2388 4922 Basil„
2437 4863 2656 4930 sumpt.
2702 4850 2916 4909 J'oann.
2958 4847 3159 4925 Konig
3183 4892 3202 4922 ‚
3240 4847 3393 4925 1674
3415 4892 3433 4921 ,
3462 4868 3522 4927 p.
3560 4846 3673 4906 133
3701 4845 3724 4926 (
3751 4846 3973 4921 Fungi
3998 4843 4090 4905 ad
4118 4846 4440 4928 Populum
4466 4840 4681 4901 albam
4704 4840 4742 4921 ).
