5234 6725
1846 783 1875 890 (
1937 805 2036 896 17
2096 785 2129 889 )

558 947 768 1035 nihil
800 946 908 1036 de
935 978 1231 1036 eorum
1263 949 1596 1065 singulis
1623 954 1843 1039 notis
1871 955 2386 1042 omittatur.-
2405 959 2651 1071 Agar.
2672 964 2825 1072 (sic
2852 962 2957 1048 cl.
2981 985 3295 1051 auctor.
3324 970 3410 1054 in

554 1093 606 1176 l.
631 1092 768 1175 cit.
793 1093 1016 1202 Myc.
1041 1094 1381 1203 europ.)
1419 1121 1470 1173 ))
1510 1094 2083 1204 magnitudine
2111 1117 2233 1182 est
2271 1103 2700 1185 communi
2744 1075 2822 1190 et
2859 1104 3132 1192 forma
3174 1136 3414 1218 regu-

554 1263 607 1315 n
663 1230 1146 1346 lari.Sbipes
1174 1260 1209 1315 1
1234 1231 1337 1332 ἦ·
1364 1260 1407 1316 2
1432 1263 1626 1319 unc.
1653 1233 1975 1347 longus,
1999 1265 2185 1322 unc.
2220 1269 2254 1325 1
2290 1236 2464 1326 fere
2492 1269 2841 1351 crassus,
2871 1244 3239 1357 aequalis
3266 1264 3414 1331 aut

558 1405 609 1457 »
666 1375 1059 1460 deorsum
1118 1405 1421 1491 parum
1469 1383 2007 1493 incrassatus,
2056 1380 2358 1491 durus,
2401 1385 2831 1472 interdum
2870 1389 3402 1473 cinerescens.

554 1546 608 1598 n
664 1515 1143 1607 Lamellae
1224 1517 1644 1605 confertae
1683 1582 1710 1625 ‚
1792 1522 2269 1634 inaequales
2310 1585 2339 1628 ‚
2423 1526 3338 1638 emarginato-adnatae
3378 1588 3405 1634 ,

555 1683 610 1737 n
672 1656 976 1770 planae
1017 1722 1044 1764 ‚
1110 1658 1162 1742 5
1218 1658 1366 1743 lin.
1433 1659 1677 1762 latae,
1734 1660 1985 1743 etiam
2055 1659 2333 1767 albae,
2397 1663 2880 1774 pallescunt.
2947 1664 3274 1752 Pileus
3362 1697 3392 1751 1

558 1829 610 1881 »
673 1831 857 1885 unc.
936 1801 1206 1905 latus,
1292 1831 1463 1887 non
1534 1802 1905 1889 viscosus
1963 1835 2044 1888 )).
2125 1805 2233 1887 V
2216 1804 2452 1890 elum
2507 1806 2905 1919 partiale,
2965 1806 3337 1893 albidum
3368 1872 3397 1913 ,

560 1940 1206 2050 fugacissimum.

787 2116 840 2169 ³)
898 2088 1208 2176 Variat
1264 2107 1664 2202 sequente
1722 2086 1997 2174 modo.
2054 2087 2361 2176 Pileus
2400 2118 2629 2177 nunc
2668 2109 2787 2177 est
2825 2091 3408 2202 glaberrimus,

558 2258 612 2311 »
668 2228 841 2313 fere
899 2230 1224 2333 nitens,
1285 2257 1513 2313 nunc
1570 2228 1976 2313 minutim
2031 2228 2670 2342 squamulosus3
2751 2233 3216 2346 squamulis
3272 2237 3408 2319 ni-

558 2403 612 2457 n
667 2375 1218 2483 gricantibus‚
1279 2389 1426 2457 aut
1483 2372 2080 2457 concoloribus.
2136 2369 2611 2458 Lamellae
2679 2371 3008 2464 albidae
3036 2437 3063 2479 ‚
3140 2376 3396 2458 etiam

558 2544 613 2597 »
669 2516 909 2601 latae.
989 2515 1281 2629 Stipes
1337 2539 1563 2601 nunc
1622 2534 1949 2616 rectus,
2028 2543 2253 2599 nunc
2310 2516 2765 2621 incurvus»,
2846 2515 3202 2602 subinde
3256 2514 3405 2601 fle—

560 2691 610 2746 »
671 2685 1008 2744 xuosus.
1072 2654 1311 2741 Odor
1365 2656 1564 2739 satis
1625 2654 1899 2756 fortis,
1962 2650 2106 2735 sed
2151 2681 2316 2736 non
2358 2652 2768 2764 ingratus,
2810 2672 2889 2737 et
2928 2681 3175 2768 sapor
3212 2657 3408 2740 sub-

564 2827 616 2880 »
680 2800 1148 2885 amaricans
1163 2863 1192 2904 ,
1255 2818 1402 2886 aut
1463 2796 1978 2909 adstringens
2010 2859 2035 2901 ,
2099 2797 2351 2884 etiam
2408 2798 2738 2881 virosus
2796 2825 2876 2881 ι).

1330 3117 1809 3176 ΙΟΟΝΠΜ
1887 3111 2626 3173 EXPLICATIO.

563 3524 785 3611 TAB.
853 3525 1122 3631 VIII,
1232 3561 1333 3642 g.
1408 3555 1478 3614 ι.
1544 3530 1756 3614 Tres
1811 3528 2107 3636 fungos
2145 3556 2194 3611 a
2234 3527 2633 3637 congestis
2676 3524 2892 3610 foliis
2930 3553 3403 3641 quercuum

787 3690 1304 3781 assurgentes
1334 3734 1361 3776 ‚
1423 3675 1829 3758 anteriori
1869 3690 2107 3784 parte
2165 3672 2370 3756 haec
2427 3672 2611 3755 icon
2671 3671 3128 3783 exprimit3
3197 3698 3409 3784 quo·

788 3838 985 3895 rum
1039 3810 1316 3896 minor
1361 3810 1752 3897 'nondum
1839 3810 2224 3897 evolutus
2256 3874 2282 3915 ‚
2357 3810 2533 3895 duo
2614 3810 2978 3920 majores
3044 3809 3406 3919 perfecte

786 3953 1136 4038 maturi.
1766 3936 1776 3945 “

577 4157 598 4179 .
636 4153 656 4177 .
692 4156 713 4178 .
748 4154 769 4179 .
830 4158 856 4197 ,
892 4093 1067 4206 fig.
1125 4120 1205 4176 2.
1266 4091 1609 4201 Fungus
1664 4092 1949 4201 junior
1978 4154 2001 4192 ,
2061 4087 2345 4202 quoad
2384 4089 2767 4200 hymenii
2811 4087 3112 4173 faciem
3152 4087 3409 4189 visus,

791 4255 872 4320 et
932 4265 979 4318 e
1034 4234 1377 4346 proprio
1433 4231 1620 4315 velo
1677 4230 2178 4317 denudatus.

690 4442 708 4462 .
744 4439 765 4460 .
827 4442 852 4481 ‚
889 4377 1060 4489 fig.
1119 4376 1198 4461 3.
1256 4375 1496 4459 Idem
1554 4401 2027 4486 perparvus
2083 4372 2467 4456 similiter
2525 4370 3004 4482 inspectus,
3064 4368 3214 4451 ubi
3273 4392 3414 4448 ve·

784 4517 962 4604 lum
1025 4514 1478 4601 floccosum
1576 4534 1677 4619 a,
1760 4545 1817 4599 a
1843 4577 1870 4617 ,
1932 4512 2100 4597 fere
2170 4510 2581 4620 integram
2636 4506 3014 4619 hymenii
3071 4499 3418 4615 superfi-

789 4663 1006 4747 ciem
1061 4660 1445 4770 obtegens
1467 4722 1491 4761 ,
1550 4654 2284 4744 animadvertitur.

693 4861 713 4884 .
749 4863 771 4886 .
829 4866 855 4908 ,
887 4800 1067 4913 fig.
1138 4816 1234 4898 4.
1300 4798 1862 4887 Individuum
1913 4795 2386 4883 maturitati
2435 4796 2930 4906 proximum
2961 4858 2988 4900 ‚
3031 4792 3143 4878 ab
3181 4788 3417 4902 apice

793 4940 992 5053 pilei
1049 4938 1160 5025 ad
1212 4940 1517 5055 stipitis
1572 4939 1846 5025 basim
1907 4916 2389 5023 dissectum.

2633 5076 2683 5161 5
