5234 6725
3360 788 3422 844 V

680 932 793 1018 tis
829 994 854 1032 ‚
917 929 1069 1014 ubi
1123 957 1346 1046 opus
1374 933 1577 1046 ficit
1636 943 1719 1015 et
1763 947 2193 1047 quantum
2219 933 2483 1047 potui
2509 999 2539 1038 ,
2584 936 3095 1047 opportunis
3133 939 3536 1019 mutatio-

684 1076 936 1163 nibus
957 1143 987 1182 ,
1046 1074 1401 1160 utilibus
1456 1076 2180 1163 observationibus
2207 1108 2232 1156 .·
2292 1107 2593 1165 rursus
2643 1045 3169 1165 necessariis
3199 1078 3536 1194 figuris

606 1193 627 1206 ⁶
665 1224 1037 1335 propria
1094 1252 1152 1307 a
1208 1252 1353 1308 me
1403 1249 1721 1327 manu,
1796 1250 1969 1336 quo
2024 1220 2155 1305 ad
2201 1236 2623 1308 naturam
2650 1222 3031 1336 fidelius
3088 1223 3533 1338 exigeren-

681 1380 860 1474 tur,
941 1370 1325 1454 exaratis
1351 1399 1376 1449 .·
1438 1365 1908 1483 permultis
1983 1366 2342 1456 demum
2370 1432 2395 1473 ‚
2480 1369 2913 1484 specificis
2965 1369 3462 1454 nominibus
3500 1432 3525 1470 ,

683 1542 919 1626 quae
967 1513 1063 1595 in
1117 1511 1494 1598 aliorum
1552 1511 1957 1625 operibus
2011 1510 2246 1596 idem
2300 1525 2385 1596 et
2409 1514 2771 1624 frustra
2836 1512 3269 1599 sonabant
3302 1578 3327 1616 ,
3416 1514 3544 1596 ad

684 1681 1365 1769 synonymorum
1424 1652 1691 1739 chaos
1750 1652 2349 1768 effugiendum
2375 1718 2403 1760 ‚
2470 1656 3056 1741 commutatis,

924 1805 1183 1914 Quae
1240 1829 1459 1884 sane
1514 1798 1807 1886 omnia
1837 1863 1863 1904 ,
1929 1797 2303 1887 Sodales
2352 1800 3142 1913 praestantissimi,
3202 1831 3379 1887 non
3418 1802 3549 1887 ad

685 1944 1116 2056 majorem
1170 1942 1397 2029 milii
1421 1939 1803 2054 gloriam
1857 1941 2463 2057 arripiendam
2517 1943 2851 2028 monita
2888 1973 3072 2029 esse
3113 1940 3341 2048 volo,
3383 1946 3546 2028 sed

693 2096 997 2168 contra
1052 2095 1154 2167 ut
1205 2085 1562 2171 veniam
1585 2077 1979 2195 facilius
2034 2082 2468 2169 obtineam
2510 2145 2538 2187 ‚
2631 2082 2714 2164 si
2763 2082 2986 2194 quid
3033 2080 3128 2165 in
3186 2083 3535 2196 scriptis

684 2225 1071 2340 irrepere
1153 2239 1312 2310 aut
1367 2224 1738 2339 deficere
1799 2223 2291 2312 innotescat
2319 2253 2346 2302 .·
2414 2252 2593 2310 non
2647 2251 2896 2311 secus
2974 2254 3357 2341 namque
3437 2227 3548 2311 de

688 2368 831 2455 his
885 2367 1340 2483 auspicari
1360 2366 1538 2478 fas
1594 2380 1768 2475 est,
1823 2398 2027 2456 cum
2064 2367 2551 2483 posthuma
2619 2369 2719 2454 in
2776 2367 3062 2454 lucem
3093 2369 3546 2484 prodeant

668 2514 1227 2630 proindeque
1304 2513 1545 2599 omni
1596 2513 2146 2601 excusatione
2233 2512 2506 2626 digna
2547 2547 2573 2598 .·
2634 2513 2735 2599 In
2787 2544 3039 2629 opere
3092 2514 3549 2627 posthumo

688 2660 962 2747 multa
1018 2678 1215 2748 sunt
1253 2658 1830 2745 condonanda.
1893 2659 2459 2749 Monendum
2514 2658 2782 2745 immo
2838 2676 2920 2747 et
2954 2658 3187 2746 illud
3233 2657 3393 2747 hoc
3430 2658 3549 2745 lo-

691 2833 791 2889 co
852 2815 1037 2908 est,
1091 2804 1420 2889 mirum
1474 2801 1813 2887 nemini
1875 2832 2055 2887 esse
2111 2801 2418 2887 debere
2446 2867 2472 2907 ‚
2531 2803 2611 2886 si
2664 2801 3087 2888 minorem
3142 2832 3379 2889 nunc
3416 2833 3550 2889 re-

690 2978 889 3034 rum
937 2948 1411 3035 novitatem
1465 2946 1789 3059 referre
1844 2945 2064 3033 lzaec
2102 2946 2433 3060 scripta
2476 2947 2980 3054 videantur,
3024 2978 3300 3062 quam
3337 2948 3550 3035 olim

691 3092 1013 3182 habere
1066 3091 1261 3178 visa
1315 3103 1563 3196 sunt,
1624 3090 1777 3175 ubi
1806 3089 2213 3204 primum
2254 3092 2522 3179 Vobis
2525 3092 2924 3206 fuerunt
2977 3091 3309 3182 oblata.-
3346 3092 3551 3209 ipsa

690 3234 1129 3354 siquidem
1183 3231 1445 3319 tarda
1509 3231 1864 3319 illorum
1922 3233 2185 3319 editio
2220 3302 2245 3343 ‚
2302 3250 2462 3321 aut
2515 3234 2935 3351 dispersio
2961 3219 3034 3342 ‚⁶
3075 3238 3172 3322 in
3226 3266 3547 3325 caussa

662 3386 870 3494 suit
912 3451 939 3493 ‚
1026 3394 1129 3467 ut
1180 3378 1659 3467 nonnullas
1705 3381 2209 3495 fungorum
2273 3382 2605 3494 species
2663 3384 2879 3492 jam
2936 3396 3130 3468 tum
3182 3412 3241 3468 a
3281 3396 3549 3499 patre

694 3562 886 3618 meo
945 3526 1439 3642 descriptas
1495 3525 2058 3641 depictasque
2097 3596 2126 3635 ,
2176 3528 2613 3639 'tanquam
2669 3526 2785 3611 ab
2835 3525 3044 3613 aliis
3083 3528 3551 3639 posteriori

696 3688 983 3762 aetate
1041 3675 1545 3789 designatas
1624 3673 2189 3759 traducerem.
2260 3675 2487 3759 Cum
2542 3672 2779 3757 enim
2817 3671 3197 3788 positivo
3248 3675 3549 3788 potius

697 3821 1106 3908 scientiae
1146 3818 1661 3935 progressui
1721 3817 2260 3904 attenderem
2291 3883 2317 3924 ,
2381 3847 2650 3933 quam
2712 3816 3068 3932 gloriae·
3127 3819 3555 3907 inventio-

699 3967 836 4051 nis
870 4030 896 4071 ‚
955 3962 1191 4050 hanc
1247 3964 1535 4078 ipsam
1593 3963 1979 4051 debitam
2033 3964 2377 4050 auctori
2425 3993 2581 4049 suo
2634 3962 3096 4051 vindicare
3146 3962 3548 4078 neglexi3

702 4121 785 4191 et
838 4104 1061 4194 tales
1117 4104 1478 4193 libenter
1508 4105 2029 4219 posteriores
2086 4104 2542 4220 specificas
2577 4103 2959 4220 plzrases
3014 4104 3277 4219 elegi,
3323 4135 3555 4219 quae

699 4247 1248 4337 naturalium
1333 4248 1861 4362 objectorum
1917 4247 2468 4335 characteres
2522 4246 2900 4335 lucidius
2956 4261 3217 4363 atque
3274 4249 3556 4335 inten—

702 4392 890 4477 sius
945 4392 1223 4487 menti
1277 4387 1672 4475 omnium
1731 4386 2262 4476 exhiberent.

926 4535 1116 4623 His
1174 4536 1300 4621 ita
1354 4535 1929 4652 comparatis,
1953 4537 2155 4648 jam
2212 4536 2441 4651 typis
2475 4535 2708 4623 llaec:
2754 4536 3082 4652 scripta
3138 4537 3359 4623 meis
3396 4538 3558 4620 im-

690 4681 998 4797 pensis
1055 4683 1600 4769 demandare
1678 4687 2294 4770 constitueram
2333 4747 2364 4787 ,
2445 4712 2652 4770 cum
2679 4747 2706 4791 ‚
2770 4683 3154 4769 excitata
3238 4683 3568 4792 majori

703 4841 1053 4915 nostrae
1109 4829 1661 4915 Academiae
1715 4829 2309 4916 sollicitudine
2330 4894 2356 4935 ,
2398 4842 2498 4913 ut
2535 4830 2860 4944 dignae
2913 4823 3338 4915 sociorum
3378 4827 3558 4912 elu-

703 4971 1245 5059 cubrationes
1280 4970 1765 5062 'ederentur
1784 5039 1811 5082 ,
1872 5002 2134 5089 eques
2190 4975 2728 5062 Vincentius
2778 4972 3089 5061 Flauti
3126 4987 3556 5087 perpetuo
