5234 6725
2967 833 3300 950 (108)

1720 1009 2273 1125 inaequales,
2333 1006 2905 1120 lanceolatae,
2967 1014 3249 1125 primo
3307 1013 3610 1119 albae,
3683 1011 3878 1099 dein
3941 1013 4560 1128 aquoso-flave-

1722 1170 2092 1259 scente5‚
2146 1150 2326 1238 fere
2367 1182 2409 1236 2
2456 1154 2604 1241 lin.
2654 1155 2918 1240 latae:
2975 1155 3449 1242 lamellulae
3489 1157 3805 1267 postice
3862 1154 4560 1243 rotundato-acu-

1711 1318 1870 1385 tae.
1941 1300 2236 1416 Stipes
2298 1328 2340 1382 2
2405 1329 2601 1385 unc.
2662 1300 2996 1412 longus,
3060 1299 3205 1404 5-4
3263 1299 3413 1386 lin.
3489 1327 3816 1387 crassus
3862 1366 3887 1405 ‚
3949 1300 4229 1387 floccis
4294 1301 4553 1390 dense

1719 1446 2141 1529 contextis
2219 1443 2542 1531 farctus
2600 1511 2632 1550 ,
2724 1443 2834 1528 ab
2914 1444 3231 1530 annulo
3317 1443 3428 1529 ad
3511 1444 3895 1530 medium
3979 1472 4252 1557 usque
4331 1444 4567 1557 vagi-

1719 1606 1969 1675 natus
2003 1652 2028 1691 ‚
2073 1605 2155 1672 et
2180 1589 2421 1701 ‘pileo
2480 1588 2933 1693 concolor3
2995 1587 3177 1671 basi
3217 1584 3724 1695 tumidulus,
3791 1586 4287 1706 fibrillisque
4322 1616 4572 1704 prae-

1726 1731 1979 1815 ditus·
2058 1729 2503 1819 Annnlus
2577 1758 2778 1815 cum
2837 1730 3037 1843 pilei
3097 1728 3624 1844 epidermide
3680 1735 4118 1843 contiguus
4146 1797 4175 1837 ,
4233 1748 4552 1845 patens.

1731 1876 1953 1962 Caro
2012 1878 2262 1981 alba,
2321 1875 2605 1962 mollis
2635 1942 2661 1984 ‚
2725 1872 3061 1961 mucida
3096 1941 3121 1981 ,
3181 1900 3947 1961 amaro-nauseosa.

2486 2179 2966 2241 lcoNUM
3064 2177 3849 2238 EXPLICATIO.

1728 2567 1951 2652 ΤΑΒ.
2020 2564 2282 2651 XVII
2325 2626 2351 2669 ,
2384 2561 2563 2679 fig.
2622 2580 2724 2661 4.
2792 2562 3140 2673 Fungus
3196 2560 3484 2648 adhuc
3539 2561 3825 2673 junior
3865 2626 3893 2670 ,
3995 2562 4218 2677 pileo
4304 2569 4564 2654 subo-

1956 2729 2175 2797 vato·

1870 2920 1944 2942 ..
2006 2922 2029 2961 ,
2094 2852 2268 2971 fig.
2334 2854 2417 2938 5.
2476 2850 2718 2941 Idem
2771 2848 3100 2938 mediae
3159 2855 3458 2939 aetatis
3491 2914 3522 2953 ,
3591 2850 3682 2936 in
3736 2877 3914 2963 quo
3966 2881 4059 2935 a.
4124 2882 4209 2940 α.
4274 2856 4567 2943 velum

1955 3001 2269 3114 partim
2352 2995 2807 3085 diductum
2864 2998 3264 3084 cernitur.

1869 3208 1888 3229 .
1920 3209 1943 3233 .
2002 3209 2026 3249 ‚
2060 3142 2234 3260 fig.
2298 3142 2382 3227 6.
2424 3143 2986 3231 Individuum
3029 3144 3398 3232 naturali
3440 3144 4025 3255 magnitudine
4054 3209 4082 3253 ,
4128 3165 4214 3230 et
4251 3147 4337 3233 in
4379 3177 4570 3261 per-

1965 3286 2191 3375 fecto
2250 3289 2793 3400 vegetationis
2848 3306 3072 3374 statu
3131 3290 3683 3378 delineatum.

1759 3499 1782 3519 .
1817 3496 1836 3519 .
1873 3498 1895 3523 .
1930 3498 1949 3519 .
1992 3501 2018 3539 ‚
2051 3433 2223 3550 fig.
2279 3464 2365 3543 7.
2434 3432 2679 3520 Idem
2738 3433 2849 3521 ad
2903 3436 3605 3551 perpendiculum
3662 3453 3999 3521 sectum
4040 3498 4064 3538 ‚
4134 3455 4230 3520 ut
4270 3436 4564 3526 lamel-

1951 3579 2232 3662 larum
2316 3605 2416 3661 ac
2500 3573 3134 3664 lamellularum
3207 3577 3742 3663 characteres
3778 3639 3803 3681 ,
3875 3604 4207 3671 necnon
4264 3579 4572 3693 stipitis

1961 3724 2329 3839 pileique
2385 3751 2586 3811 caro
2643 3738 3004 3834 pateant.
