5234 6725
2069 692 2098 797 (
2165 607 2410 808 1'1’9)

1584 991 2037 1056 IcoNUM
2119 997 2913 1059 Ethch'rlo.

827 1350 1051 1437 ΤΑΒ.
1111 1345 1459 1457 XLIII,
1489 1348 1662 1463 fig.
1729 1378 1796 1436 ι.
1865 1346 2253 1463 Agatici
2304 1350 2668 1437 ostreati
2718 1351 3047 1468 aliquot
3101 1350 3510 1468 caespites
3549 1346 3686 1435 di-

1055 1522 1346 1582 versae
1432 1493 1779 1598 aetatis,
1866 1512 1951 1580 et
2035 1523 2085 1578 e
2168 1493 2374 1607 ligni
2441 1493 2811 1583 frustulo
2870 1494 3064 1582 tabe
3122 1494 3505 1582 confecto
3545 1522 3684 1579 as-

1059 1651 1495 1747 surgentes
1525 1697 1555 1739 ,
1615 1632 1833 1720 haec
1887 1634 2171 1745 imago
2229 1639 2634 1753 proponit
2665 1702 2689 1743 ‚
2745 1655 2845 1721 ut
2893 1663 3192 1723 eorum
3235 1631 3682 1723 individua

1055 1774 1331 1864 ferme
1412 1803 1465 1863 a
1547 1775 2098 1888 vegetationis
2175 1776 2420 1864 initio
2479 1803 2751 1892 usque
2809 1777 2919 1863 ad
2979 1775 3679 1890 perfectissimum

1056 1917 1413 2035 gradum
1469 1916 1841 2031 perbelle
1898 1917 2273 2034 conspici
2329 1936 2678 2035 queant.

845 2131 867 2156 .
899 2130 922 2154 .
952 2128 979 2155 .
1009 2128 1034 2154 .
1054 2131 1078 2172 ‚
1111 2066 1287 2181 fig.
1320 2091 1404 2150 2.
1466 2058 2019 2150 Individuum
2051 2060 2163 2150 ad
2187 2067 2769 2154 maturitatem
2797 2060 3047 2152 valde
3069 2065 3496 2174 accedam,
3526 2093 3679 2180 per

1063 2212 1474 2301 verticem
1531 2225 1861 2295 sectum
1896 2269 1920 2312 ,
1999 2209 2091 2295 in
2148 2237 2321 2323 quo
2376 2212 2658 2297 carnis
2714 2228 3016 2298 natura
3047 2276 3073 2319 ,
3134 2211 3668 2300 lamellarum

1047 2356 1317 2445 forma
1344 2420 1368 2461 ‚
1429 2371 1517 2441 et
1572 2349 1882 2467 stipitis
1935 2352 2473 2467 pubescentia
2531 2355 2843 2444 clarius
2904 2356 3491 2445 observantur.

1875 2614 2290 2702 NIJM.
2388 2613 2619 2701 Vll.

1524 2856 2013 2937 AGARICUS
2072 2856 2688 2952 OSTREATUS,
2739 2858 2965 2946 Jaoo.

1513 3121 1685 3197 Var.
1732 3146 1787 3216 γ
1812 3172 1836 3213 ,
1869 3120 2086 3216 Agar.
2121 3114 2714 3212 flavo-cinereus,
2768 3119 2961 3193 Pers.

1006 3391 1035 3495 (
1075 3385 1244 3471 Ser.
1288 3383 1358 3470 1.
1406 3385 2068 3496 Leucospoms.
2094 3374 2398 3464 -Trib.
2441 3375 2648 3464 ΧΙΙ.
2689 3373 3172 3464 Pleurotus
3204 3438 3232 3482 ‚
3270 3377 3418 3466 Fr.
3464 3387 3495 3490 )
3560 3305 3567 3310 ·

1043 3656 1366 3741 Aean:
1465 3647 2489 3740 fasciculato-imbricatus
2529 3711 2556 3755 ‚
2648 3644 3093 3733 interdum
3177 3647 3662 3760 gregarius3

814 3803 1041 3918 pileo
1098 3827 1447 3887 carnoso
1504 3793 2118 3884 sudemidiato
2171 3821 2556 3883 convexo
2612 3790 2836 3880 laevi
2893 3794 3660 3882 cinereo-subrufe-

811 3956 1157 4051 scente3
1215 3937 1573 4027 lamellis
1626 3935 1981 4047 albidis,
2036 3935 2216 4024 acie
2274 3962 2481 4024 vero
2540 3933 3027 4021 stramineis
3082 3932 3221 4022 vel
3261 3931 3664 4024 flavo-vi-

809 4084 1181 4197 tellinis3
1243 4084 1534 4199 stipite
1587 4081 1927 4172 laterali
1980 4078 2483 4171 brevissimo
2539 4078 2875 4169 villoso.

1044 4366 1251 4441 Agar.
1290 4365 1602 4422 ostream
1622 4400 1643 4436 ,
1697 4357 1875 4430 heo.
1929 4353 2084 4419 Var.
2133 4374 2207 4437 γ,
2245 4351 2795 4433 flam-cinereus,
2849 4352 3038 4417 Pm.
3092 4348 3245 4438 Syn.
3298 4348 3472 4437 sung.
3522 4370 3661 4438 pag.

882 4471 1240 4556 tna-Var-
1277 4472 1341 4547 β.
1380 4468 1498 4534 Fa.
1532 4469 1700 4553 Syn.
1737 4482 1909 4551 myo.
1946 4466 2082 4532 vol.
2124 4468 2200 4546 1,
2239 4481 2379 4552 pag.
2429 4467 2566 4531 283.

1028 4722 1511 4827 Autumno,
1569 4737 1659 4805 et
1695 4747 1861 4805 non
1906 4745 2106 4803 raro
2142 4716 2427 4805 bieme
2466 4720 2811 4805 ineunte
2836 4716 2945 4804 ad
2988 4735 3332 4802 truncos
3372 4738 3655 4798 emor-

803 4885 989 4954 tuos
1046 4883 1197 4951 aut
1249 4862 1752 4976 languentes
1823 4861 2217 4973 Quercus
2285 4862 2539 4951 Cerri
2587 4882 2672 4950 et
2715 4860 3067 4951 Suberis
3115 4861 3430 4950 crescit.
3469 4858 3662 4944 Pri-
