5234 6725
3039 712 3331 831 (72)

2854 978 2936 1064 u
2980 976 3070 1063 11
3119 977 3267 1063 Μ.
3367 978 3559 1064 xl.

2446 1202 2931 1284 sommus
2970 1194 3658 1280 Gamcnm‘rus
3682 1251 3706 1294 ,
3754 1194 3935 1271 Non

1973 1452 2002 1557 (
2040 1448 2213 1534 Ser.
2260 1443 2375 1534 V.
2420 1437 2859 1531 Pratella.
2907 1487 2947 1503 -
2981 1437 3220 1527 Trib.
3263 1437 3647 1528 XXXII.
3685 1438 4133 1530 Psalliota
4157 1507 4187 1549 ,
4228 1446 4381 1534 Fr.
4424 1457 4466 1556 γ
4576 1485 4581 1490 ·

2009 1693 2321 1774 Aen:
2401 1679 2781 1800 pumilus
2856 1707 3192 1794 sparsus
3270 1678 3731 1791 lignatilis3
3789 1681 4019 1795 pileo
4082 1683 4384 1772 leviter
4446 1716 4620 1773 car-

1786 1863 1992 1923 noso
2048 1829 3071 1947 campanulatorexpanso
3120 1823 3491 1913 humido
3540 1826 3815 1912 dilate
3866 1828 4172 1934 badio,
4238 1837 4616 1944 margine

1787 1975 1994 2063 hinc
2054 1971 2248 2059 inde
2304 1968 2493 2056 fisso
2550 1998 2646 2055 ac
2701 1968 3039 2077 Iacero;
3100 1967 3454 2055 lamellis
3512 1968 3903 2055 eonfertis
3961 1968 4309 2062 demum
4354 1979 4612 2090 nigris

1790 2115 2222 2202 undulatis
2255 2175 2291 2217 ,
2344 2112 2615 2196 antiee
2671 2108 3197 2217 rotundatis,
3258 2113 3573 2223 postiee
3633 2138 3841 2197 vero
3901 2113 4151 2226 circa„
4185 2118 4618 2205 collarium

1792 2231 2065 2350 larum
2152 2257 2466 2345 sensim
2546 2256 3289 2361 evanescentibus·‚
3368 2256 3648 2366 stipite
3726 2255 4073 2363 albido,
4159 2261 4376 2348 radji
4435 2264 4625 2378 pilei

1793 2383 2319 2514 longitudine
2350 2467 2375 2511 ‚
2437 2402 2838 2488 deorsum
2900 2399 3419 2487 subbuIboso
3476 2402 3987 2513 geniculat03
4032 2406 4343 2490 annulo·
4384 2410 4623 2495 obso-

1801 2554 1976 2638 leto
2041 2550 2344 2635 infero.

2027 2838 2683 2928 Distinctissima
2744 2835 2949 2924 haee
3004 2837 3324 2955 species
3382 2839 3872 2927 novembris
3914 2870 4207 2930 mense
4251 2844 4362 2930 ad
4400 2865 4641 2931 trun-

1806 3018 1947 3074 cos
1968 3053 1994 3091 ‚
2041 3004 2123 3069 et
2167 3013 2449 3073 ramos
2487 2982 2856 3095 dejectos
2895 3010 3051 3098 per
3084 3011 3389 3095 agrum
3409 2981 4079 3071 Salvitellensem
4120 2989 4378 3099 viget.

2035 3274 2237 3358 Ons.
2271 3263 2666 3356 -Pileas
2731 3299 2767 3355 1
2831 3298 3041 3358 unc..
3083 3288 3168 3356 et
3229 3269 3451 3354 ultra
3510 3266 3722 3361 latus
3755 3334 3787 3376 ‚
3842 3271 4134 3377 junior
4187 3272 4364 3357 fere
4404 3279 4638 3362 coni-

1812 3448 1980 3505 cus.
2059 3413 2531 3504 Lamellae
2616 3414 3039 3523 integrae,
3116 3413 3486 3517 liberae,
3548 3417 3936 3528 primum
3994 3415 4581 3526 griseo-fuscae
4613 3485 4643 3525 ‚

1812 3560 2012 3646 dein
2052 3562 2633 3669 nigrescentes,
2699 3554 2985 3670 Sapen
3042 3584 3090 3640 a
3147 3556 3375 3667 pileo
3413 3554 3885 3663 discretus,
3945 3575 4068 3643 sat
4109 3559 4451 3667 firmus,
4497 3565 4643 3648 vix

1823 3737 1925 3791 10
1984 3706 2128 3789 lin.
2190 3702 2536 3813 longus,
2592 3700 2701 3784 ad
2758 3701 3026 3788 basim
3087 3698 3540 3805 incurvus,
3619 3721 3703 3785 et
3761 3702 4115 3787 balbino
4173 3735 4645 3821 compresso

1819 3852 2284 3968 praeditus.
2368 3851 2592 3936 Caro
2679 3847 3018 3954 tenuis,
3103 3842 3528 3960 insipida,
3588 3846 3739 3933 sed
3798 3846 4165 3936 farinam
4219 3872 4649 3939 recentem

1819 3998 2019 4084 olet.
2083 3997 2402 4084 Forsan
2465 3992 2812 4080 edulis'?

2577 4267 3053 4328 ICONUM
3132 4271 3911 4333 EXPLICATIO.

1818 4609 2038 4696 ΤΑΒ.
2121 4611 2517 4698 XXXV.
2608 4613 2683 4698 E
2768 4614 3039 4700 tribus
3121 4613 3407 4725 figuris
3482 4614 3569 4700 in
3630 4613 3791 4700 hac
3848 4616 4133 4702 tabula
4190 4619 4671 4723 contentis,

2055 4781 2119 4835 1.
2231 4752 2727 4868 Agat-icum
2825 4753 3432 4867 geniculatum
3540 4757 3623 4840 in
3720 4784 3869 4841 sua
3970 4760 4257 4843 nativa
4373 4760 4592 4847 mole
4634 4827 4667 4863 ,

2052 4928 2134 4982 2.
2223 4897 2935 5007 longitudinaliter
2989 4917 3308 4987 sectum
3351 4966 3375 5008 ‚
3454 4901 3537 4986 3.
3604 4901 3955 4987 demum
4015 4906 4651 5016 resupinantum

2056 5037 2668 5124 demonstrant.
