5234 6725
3044 703 3329 813 (80)

1747 881 2052 996 paniae
2109 909 2208 966 ac
2259 880 2691 968 Citerioris
2748 881 3265 991 principatus
3318 878 3634 963 dissitis
3690 878 3947 984 locis,
4008 878 4604 992 superioribus

1746 1024 2156 1111 aetatibus
2211 1019 2564 1107 confeci.
2627 1023 2847 1109 Cum
2907 1024 2993 1106 in
3058 1023 3212 1107 hac
3267 1020 3482 1108 coeli
3543 1022 3950 1134 temperie
4010 1023 4221 1108 nihil
4280 1052 4581 1113 eorum

1746 1163 2526 1278 cryptophytorum
2584 1163 2969 1249 fervente
3026 1164 3363 1248 aestatis
3414 1162 3745 1268 calore,
3800 1181 3883 1247 et
3921 1193 4189 1276 pauca
4227 1169 4315 1252 in
4360 1169 4587 1252 veris

1747 1310 2036 1398 reditu
2095 1310 2701 1418 inveniantur3
2758 1310 3126 1424 plurima
3187 1336 3385 1396 vero
3447 1310 3535 1392 in
3589 1328 4001 1395 autumno
4060 1326 4245 1424 post
4306 1308 4573 1421 largos

1745 1451 2060 1537 imbres
2113 1469 2475 1556 scatent,
2534 1470 2616 1536 et
2672 1450 3021 1536 hiemali
3080 1471 3459 1565 tempore
3516 1451 3987 1540 dummodo
4040 1453 4272 1537 saevi
4324 1454 4581 1566 aqui-

1748 1594 1981 1678 lones
2037 1589 2397 1677 minime
2447 1589 3092 1676 debacchentur.
3149 1592 3375 1679 Haec
3412 1621 3613 1706 gens
3653 1595 3909 1678 etiam
3954 1590 4305 1682 vivendi
4344 1621 4575 1684 more

1753 1756 1932 1823 tam
1991 1736 2231 1848 longe
2285 1740 2397 1824 ab
2456 1735 2639 1822 aliis
2695 1735 3001 1849 plantis
3054 1734 3373 1846 distat3
3432 1731 3636 1822 nam
3692 1766 3856 1822 non
3919 1734 4137 1822 sicca
4215 1736 4400 1823 loca
4496 1766 4594 1823 ac

1746 1882 2045 1969 adusta
2076 1945 2103 1986 ,
2159 1882 2358 1987 sed,
2421 1882 2547 1964 uti
2606 1882 2820 1966 inter
2873 1881 3267 1969 animalia
3323 1877 3752 1968 mollusca
3783 1945 3810 1986 ,
3867 1877 4039 1971 uda
4096 1900 4183 1966 et
4226 1882 4397 1967 sole
4435 1912 4572 1967 ca-

1745 2031 2016 2113 rentia
2102 2047 2390 2133 amat,
2485 2054 2639 2114 nec
2722 2055 3009 2113 sereno
3084 2028 3278 2111 aere
3310 2091 3337 2131 ,
3424 2024 3573 2110 sed
3656 2025 4043 2109 nimboso
4100 2026 4583 2139 crebrisque

1739 2172 2060 2285 pluviis
2141 2172 2721 2259 oblectantur:
2785 2171 3099 2258 idcirco
3154 2171 3243 2261 in
3302 2168 3524 2256 hisce
3580 2166 4183 2282 quadripartiti
4262 2173 4581 2281 praeci-

1738 2313 1929 2424 puis
1985 2314 2186 2400 anni
2241 2312 2570 2400 vicibus
2649 2313 3181 2426 frequentius
3264 2339 3364 2396 ac
3452 2312 3791 2425 copiose
3884 2329 4403 2415 occurrunt,
4491 2317 4578 2399 in

1738 2454 2051 2566 quibus
2082 2519 2109 2560 ,
2176 2482 2352 2567 quo
2407 2473 2745 2541 nostrae
2802 2454 3125 2540 telluris
3177 2451 3701 2564 superficiem
3758 2472 4060 2558 ornet,
4124 2474 4210 2538 et
4253 2454 4355 2539 iis
4394 2456 4587 2541 dili·

1736 2628 1937 2709 gens
1989 2598 2324 2686 Natura
2380 2600 2705 2708 utitur3
2741 2595 2750 2604 ’
2783 2597 2906 2684 illi
2980 2599 3211 2684 enim
3289 2597 3745 2712 squallori,
3830 2599 3979 2712 qui
4059 2600 4170 2683 ab
4227 2599 4581 2689 aliarum

1737 2740 2136 2853 stirpium
2192 2738 2546 2826 defectu
2599 2739 2690 2824 in
2732 2768 2835 2828 ea
2874 2739 3343 2842 videretur,
3382 2740 3776 2852 supplent
3814 2740 4022 2825 istae
4060 2740 4269 2827 alias
4313 2739 4578 2855 ipsam

1739 2898 2053 2966 terram
2137 2899 2670 2967 exornantes.
2736 2883 2863 2974 Ita
2921 2881 3299 2970 Naturae
3358 2879 3789 2966 theatrum
3846 2881 4165 2989 nitore,
4239 2902 4323 2971 et
4380 2884 4585 2971 ado-

1734 3023 2126 3110 lescentia
2180 3024 2688 3136 sempiterna
2744 3021 3047 3136 fulget,
3108 3051 3281 3114 non
3320 3023 3623 3118 minori
3667 3041 3889 3110 certe
3928 3023 4095 3118 Dm
4149 3051 4410 3139 opera
4452 3030 4581 3114 in-

1737 3165 2159 3252 tuentium
2217 3164 2860 3252 oblectamento.

1964 3309 2209 3399 Hanc
2266 3309 2523 3421 igitur
2576 3308 3032 3422 fungorum
3092 3308 3419 3424 copiam
3480 3306 3567 3392 in
3655 3305 3870 3396 duas
3950 3308 4358 3407 diatribae
4413 3311 4589 3404 dis-

1731 3457 2013 3577 pescui
2044 3521 2071 3562 ‚
2156 3456 2265 3542 de
2348 3454 2665 3568 quibus
2748 3453 3105 3539 totidem
3190 3453 3521 3541 vicibus
3576 3482 3858 3543 sermo
3944 3453 4251 3545 redibit
4274 3491 4303 3556 3
4388 3487 4585 3543 nam

1732 3628 1935 3684 sane
1992 3613 2271 3683 vestra
2329 3594 2731 3707 patientia
2792 3595 3190 3681 abuterer
3224 3658 3251 3700 ,
3308 3597 3374 3680 si
3418 3596 3807 3687 omnium
3871 3599 4058 3710 ejus
4112 3599 4581 3711 specierum

1729 3738 2116 3845 διάγνωσιν
2194 3736 2446 3821 unica
2525 3736 3009 3827 narratione
3088 3735 3420 3843 Vobis,
3483 3735 3871 3825 benevoli
3928 3739 4155 3855 viri,
4247 3738 4575 3863 aperire

1733 3873 2671 3964 voluissem.--Valete.

1929 4154 2198 4241 Dabam
2246 4154 2467 4255 Neap.
2515 4154 2699 4225 Non.
2736 4154 3185 4252 Septembris.

2256 4334 2326 4395 u
2337 4364 2361 4386 .
2377 4334 2560 4397 noco
2581 4336 2946 4394 .xxxvt1.

5198 85 5211 218 *fl*

5220 1187 5221 1192 Α
5210 795 5221 1080 ᾼ-ᾼ--
