5234 6725
1870 757 2161 868 (61)

586 929 1680 1039 umbrino-cinnamomeis3
1721 931 2006 1046 stipite
2045 934 2294 1045 longo
2328 903 2826 1048 subaequali
2856 928 3187 1021 sordide
3215 930 3440 1037 albe,

589 1074 699 1162 ad
755 1073 1025 1160 basim
1078 1072 1640 1183 fuscescente3
1699 1072 2014 1161 annulo
2071 1070 2470 1159 obsoleto·

808 1349 1134 1442 Eodem
1188 1351 1278 1437 in
1336 1352 1518 1441 loco
1572 1377 1676 1438 ac
1730 1368 2114 1467 tempore
2182 1353 2479 1464 Agar.
2522 1346 3241 1436 sinuato-nudati
3299 1372 3448 1435 na·

587 1499 1038 1600 sciturrat
1093 1521 1318 1582 raro.

811 1742 1014 1827 Ons.
1058 1790 1100 1805 -
1156 1737 1736 1851 Magnitudine
1788 1738 1982 1851 plus
2039 1719 2426 1823 minnsve
2482 1738 2693 1824 haec
2747 1736 3052 1850 species
3128 1739 3438 1825 variat.

588 1888 897 1978 Pileus
961 1913 1100 1972 1-2
1170 1893 1212 1992 ξ
1270 1912 1466 1971 unc.
1507 1884 1771 1990 latus,
1814 1883 2125 1989 siccus,
2167 1909 2714 1998 squamosus3
2775 1884 3155 1995 margine
3211 1884 3444 1968 tenui

589 2060 690 2120 ac
740 2032 1298 2146 irregulariter
1353 2029 1814 2116 crenulato.
1853 2025 2329 2119 Lamellae
2366 2026 2857 2135 distinctae,
2902 2026 3380 2140 inaequales
3408 2087 3444 2129 ,

587 2172 1071 2263 latiusculae
1101 2235 1130 2280 ,
1192 2199 1460 2285 usque
1516 2168 1630 2257 ad
1681 2169 1988 2283 stipitis
2042 2171 2376 2284 apicem
2428 2167 2913 2284 productae.
2959 2165 3247 2281 Stipes
3291 2164 3477 2253 2-32

586 2345 795 2409 unc:
837 2320 1176 2429 longus,
1233 2334 1364 2403 sat
1417 2316 1762 2420 firmus,
1824 2344 1874 2400 2
1914 2313 2103 2419 -ξ--δ
2160 2313 2309 2399 lin.
2374 2338 2752 2418 crassus,
2798 2312 3029 2396 intus
3070 2312 3472 2424 spongio-·

585 2496 751 2554 sus.
801 2467 912 2553 V
892 2462 1129 2551 elam
1182 2488 1630 2578 nunquam
1681 2453 2061 2574 perfecte
2116 2457 2653 2545 annulatum.
2702 2455 3122 2571 Spotidia
3156 2457 3446 2571 copio-

587 2638 679 2697 sa
708 2669 737 2714 ,
794 2604 1060 2693 dilute
1116 2602 1548 2691 ochracea.
1612 2602 1881 2714 Sapor
1936 2597 2424 2715 peculiaris,
2491 2596 2706 2685 odor
2781 2593 3111 2684 nullus:
3174 2598 3268 2685 in
3322 2596 3449 2682 ci-

592 2748 856 2838 bariis
910 2775 1084 2835 non
1134 2761 1550 2859 receptus.
3179 2734 3186 2748 “

1349 3018 1820 3080 leonum
1893 3008 2694 3074 EXPLICATIO.

594 3422 820 3512 TAB.
864 3413 1206 3533 XXIX.
1238 3408 1338 3497 In
1375 3408 1538 3495 hac
1573 3405 1865 3495 tabula
1905 3434 2076 3491 non
2116 3402 2391 3491 solum
2420 3405 2707 3517 Agar.
2754 3398 3460 3517 lebate-repandi

821 3563 910 3647 in
967 3586 1120 3645 sua
1172 3574 1495 3643 statura
1552 3571 1636 3642 et
1690 3552 1862 3639 situ
1920 3548 2282 3638 naturali
2330 3545 2552 3662 (fi'g.
2613 3577 2647 3635 ι
2694 3552 2781 3659 );
2830 3547 2977 3635 sed
3016 3548 3276 3635 etiam
3311 3579 3458 3641 re·

822 3699 1191 3816 supinati
1244 3699 1273 3805 (
1291 3694 1460 3813 fig.
1491 3723 1549 3783 2
1575 3699 1612 3806 )
1628 3758 1658 3801 ,
1716 3693 2125 3803 imagines
2181 3688 3056 3806 comprehenduntur.
