5234 6725
3169 773 3456 883 (48)

1870 938 2025 1024 ,5-6
2053 942 2195 1026 lin.
2229 939 2399 1026 fere
2439 968 2804 1048 crassuS,
2835 945 2985 1034 sed
3021 946 3334 1032 sensim
3375 975 3427 1032 a
3465 939 3648 1032 basi
3689 941 3801 1033 ad
3831 947 4165 1061 apicem
4204 967 4728 1057 attenuatuS,

1867 1092 2391 1200 spongiosus,
2435 1088 2804 1174 obsolete
2866 1094 3255 1196 striatas,
3323 1122 3494 1179 non
3556 1122 3748 1178 raro
3815 1092 4286 1198 difformis,
4352 1115 4435 1182 et
4495 1127 4726 1214 aqua

1871 1232 2255 1317 imbutus
2327 1232 2603 1316 colore
2670 1232 2903 1318 fusco
2961 1236 3330 1345 tingitur.
3395 1239 3600 1322 Pilei
3683 1238 4140 1348 fungorum
4201 1243 4725 1330 inferiorum

1868 1378 2274 1489 cujusque
2332 1378 2716 1489 caespitis
2770 1384 3103 1491 saepius
3161 1380 3479 1493 polline
3535 1382 3729 1467 albo
3768 1390 3798 1492 (
3838 1386 4232 1498 sporidiis
4273 1391 4633 1497 copiosis
4679 1401 4711 1500 )

1863 1520 2195 1603 irrorati
2238 1523 2849 1633 inspiciuntur,
2902 1525 3009 1606 ab
3051 1527 3720 1613 incumbentium
3764 1527 4171 1639 hymenio
4209 1535 4533 1617 emisso.

2085 1669 2394 1750 Nostra
2427 1666 2773 1774 insignis
2805 1670 3166 1754 varietas
3204 1695 3407 1753 cum
3431 1682 3702 1783 Agar.
3732 1670 4390 1777 melle0,VA111,.
4427 1680 4457 1782 (
4475 1676 4701 1761 Flor.

1858 1809 2079 1892 Dan.
2127 1810 2297 1894 tab.
2351 1808 2603 1915 1015)
2639 1811 2888 1896 unice
2934 1814 3572 1919 confundenda3
3621 1814 3765 1900 sed
3805 1846 3854 1899 a
3894 1818 4337 1902 collatione
4397 1819 4701 1903 utrius-

1756 1935 1761 1948 ¹
1855 1979 2023 2062 que
2100 1951 2332 2060 fungi
2398 1949 2988 2035 characterum
3058 1951 3337 2037 statim
3407 1953 3971 2064 distinguitur.
4026 2005 4067 2020 -
4144 1959 4380 2045 conf.
4450 1961 4701 2045 etiam

1853 2091 1924 2174 F
1930 2122 2020 2174 R.
2056 2093 2273 2199 Syst.
2308 2120 2525 2200 myc.
2569 2090 2731 2174 vol.
2764 2092 2831 2192 Ι,
2865 2119 3045 2201 pag.
3099 2092 3240 2198 30,
3279 2111 3364 2179 et
3411 2095 3781 2184 Vl‘r‘rAD.
3819 2097 4227 2186 Descriz.
4265 2100 4412 2186 dei
4417 2100 4694 2215 sang.

1849 2261 2153 2350 mang.
2197 2263 2385 2350 pag.
2438 2234 2563 2340 16,
2611 2235 2780 2319 tab.
2827 2236 2977 2326 Ill.

2072 2537 2301 2622 Hlsr.
2362 2557 2445 2621 et
2507 2538 2759 2624 Usus.
2793 2584 2836 2599 -
2900 2539 3060 2621 Hic
3119 2540 3420 2648 fungus
3476 2537 3827 2623 odorem
3886 2555 4222 2647 gratum
4282 2562 4378 2617 ac
4435 2531 4681 2618 valde

1846 2681 2426 2791 persistentem
2466 2682 2727 2793 spirat
2753 2742 2782 2780 ,
2824 2709 2981 2762 nec
3021 2680 3303 2791 gustui
3342 2707 3685 2794 quoque
3724 2679 4156 2791 displicet:
4204 2707 4393 2765 raro
4431 2696 4684 2762 scatet

1844 2823 2284 2906 voracibus
2324 2823 2637 2926 larvis,
2702 2840 2850 2907 aut
2908 2839 3251 2935 putrem
3306 2820 3789 2925 contrahit3
3849 2840 3935 2909 at
3998 2821 4271 2932 potius
4311 2839 4499 2932 post
4534 2822 4686 2905 ali-

1842 2992 2103 3075 quam
2162 2966 2572 3076 temporis
2631 2992 2970 3049 moram
3025 2966 3579 3072 contabescit,
3640 2963 3864 3048 unde
3947 2984 4358 3049 nostrates
4442 2963 4682 3047 illum

1839 3108 2162 3218 optime
2217 3106 2369 3190 soli
2424 3104 2892 3210 exsiccant,
2958 3125 3052 3190 ut
3110 3106 3463 3192 diversis
3521 3110 3724 3193 anni
3777 3108 4295 3218 temporibus
4332 3110 4491 3191 sub
4526 3134 4680 3191 va-

1841 3246 1989 3332 riis
2047 3248 2389 3331 ferculis
2443 3247 2889 3363 degustare
2947 3250 3289 3359 possint.
3351 3248 3799 3334 Ruricolae
3860 3249 4301 3336 vernaculo
4345 3250 4680 3332 nomine

1807 3387 2139 3502 sangio
2199 3387 2296 3473 cli
2352 3388 2521 3475 vite
2580 3390 2708 3472 vel
2725 3389 3069 3505 sungio
3107 3394 3582 3478 sementino
3621 3391 3902 3476 buono
3941 3422 4140 3478 eum
4181 3393 4609 3509 designant
4643 3456 4669 3495 ,

1837 3551 1918 3617 et
1975 3535 2452 3621 autumnali
2518 3551 2902 3649 tempore
2962 3537 3268 3647 passim
3325 3537 3716 3625 venalem
3777 3557 4242 3650 exponunt.

2059 3678 2191 3762 Ex
2225 3680 2498 3764 Sacris
2531 3679 2869 3764 Chartis
2910 3680 3166 3764 etiam
3209 3679 3567 3764 habetur
3611 3710 3660 3763 a
3708 3686 3919 3768 Vite
3959 3683 4286 3794 agresti
4335 3680 4470 3762 vel
4509 3680 4687 3790 syl-

1836 3828 2094 3910 vestri
2129 3825 2393 3911 enasci
2457 3824 2751 3934 fungos
2811 3857 2916 3911 ex
2971 3824 3354 3936 ejusdem
3395 3828 3727 3935 Agarici
3787 3856 4130 3938 genere,
4186 3830 4426 3936 juxta
4486 3855 4683 3909 vero

1829 3971 2601 4086 interpretationem
2645 3974 3005 4056 chnn
3030 4037 3056 4075 ,
3120 3990 3201 4054 et
3239 4002 3375 4054 eos
3413 4002 3586 4058 esse
3626 3976 3978 4058 minime
4037 3973 4680 4084 Colocyntlzidis

1829 4115 2207 4217 fructuS,
2272 4131 2369 4198 ut
2427 4113 2571 4199 alii
2632 4114 3008 4199 scribunt
3026 4151 3053 4213 3
3112 4115 3421 4227 quibus
3476 4117 3817 4225 gustatis
3877 4116 4112 4198 velut
4167 4144 4218 4197 a
4280 4116 4676 4227 pestifero

1829 4257 2017 4342 cibo
2056 4255 2628 4343 abhorrebant
2673 4256 3284 4367 Prophetarum
3327 4256 3470 4341 filii
3501 4321 3527 4361 ‚
3572 4259 4176 4342 exclamantes:
4229 4261 4487 4341 illors
4542 4273 4669 4341 est
4781 4356 4794 4365 q

1828 4400 1923 4481 in
1981 4399 2213 4499 olla,
2274 4398 2413 4483 vir
2464 4399 2706 4501 Dei,
2769 4402 2892 4483 uti
2978 4401 3285 4509 legitur
3372 4401 3605 4513 apud
3677 4402 3985 4486 Matth.
4049 4404 4518 4489 Humanum
4574 4402 4662 4483 in

1827 4574 2008 4655 cap.
2056 4569 2335 4626 xxm
2374 4543 2941 4657 (desangis)
2982 4546 3239 4654 partis
3277 4543 3623 4629 alterius
3660 4547 3786 4631 sui
3831 4543 4133 4627 eruditi
4175 4547 4489 4658 operis,
4533 4546 4668 4628 cui

1826 4689 2163 4773 titulus:
2219 4688 2913 4801 Ilieroplffticon
2972 4696 3129 4796 (1),
3185 4691 3332 4773 ubi
3389 4711 3757 4775 recenset
3813 4691 4086 4774 varias
4125 4688 4492 4775 hebraici
4533 4718 4679 4771 no-

1983 4900 2070 4979 (ι)
2114 4902 2250 4961 Sive
2289 4900 2760 4962 Commentarius
2822 4902 2882 4959 in
2934 4900 3066 4959 loca
3115 4900 3462 4981 scripturae
3503 4903 3718 4963 Sacrae
3744 4946 3762 4974 ,
3826 4920 3980 4981 quae
4043 4898 4388 4982 plantarum
4450 4897 4676 4962 faciunt

1825 5017 2200 5082 mentionem.
2239 5015 2499 5093 'trajecti
2541 5015 2622 5076 ad
2665 5015 2976 5089 Rhenum,
3027 5017 3205 5087 1725,
3249 5036 3384 5095 pag.
3427 5020 3543 5076 218
3588 5032 3646 5077 et
3690 5036 3852 5099 sequ.
