5234 6725
3094 750 3124 853 (
3185 771 3289 832 20
3343 748 3373 854 )

2046 916 2145 1001 In
2200 913 2576 1001 herbosis
2612 979 2637 1020 ,
2698 931 2781 998 et
2836 912 3379 1027 praediorum
3437 909 3949 1004 ambulacris
4005 909 4402 997 autumni
4469 926 4684 995 tem-

1822 1087 2023 1174 pore
2119 1057 2338 1142 circa
2424 1053 2874 1167 Neapolim
2916 1116 2941 1158 ,
3023 1071 3106 1139 et
3183 1049 3754 1139 Salvitellense
3857 1050 4378 1139 territorium
4459 1048 4676 1136 hanc

1828 1200 2201 1313 speciem
2262 1196 2570 1310 passim
2626 1194 2939 1304 collegi.

2043 1481 2245 1566 Ons.
2321 1529 2360 1545 -
2428 1478 2737 1567 Pileas
2822 1479 3903 1569 membranaceo-carnosus
3923 1539 3948 1581 ,
4025 1505 4078 1561 a
4157 1474 4415 1563 latere
4490 1504 4681 1590 pro-

1816 1621 2174 1728 ductus,
2238 1624 2643 1710 humidus
2664 1688 2689 1730 ,
2753 1623 2802 1710 5
2860 1625 3006 1710 lin.
3071 1674 3109 1688 -
3155 1654 3190 1710 1
3262 1655 3449 1711 unc.
3489 1623 3829 1734 longus,
3867 1637 3953 1708 et
3992 1621 4138 1736 5-9
4192 1619 4342 1705 lin.
4405 1618 4680 1725 latus,

1830 1766 1919 1848 in
1959 1765 2426 1877 junioribus
2480 1765 2748 1850 rubro
2805 1763 3196 1879 flavoque
3254 1767 3584 1852 tinctus.
3624 1761 4098 1851 Lamellae
4153 1760 4673 1877 inaequales,

1830 1907 2192 2018 majores
2249 1908 2715 1994 minoribus
2770 1908 3102 1994 latiores
3133 1972 3158 2014 ,
3231 1910 3542 2025 postice
3611 1924 4094 1995 attenuatae
4121 1970 4150 2014 ,
4219 1935 4320 1992 ac
4397 1904 4672 1991 denti-

1832 2050 2028 2135 culo
2110 2051 2601 2138 desinentes.
2692 2052 2984 2168 Saloe-s
3048 2081 3291 2166 saepe
3345 2051 3643 2138 tortilis
3669 2115 3695 2157 ,
3778 2051 3928 2135 vix
4010 2048 4467 2156 fistulosus,
4537 2046 4673 2135 1-3

1829 2223 2020 2277 unc.
2084 2195 2428 2304 longuS,
2499 2197 2642 2280 1-5
2701 2193 2851 2280 lin.
2916 2221 3254 2279 crassus.
3325 2191 3707 2282 Clzroma
3760 2191 4139 2278 diximus
4192 2192 4301 2278 ob
4365 2192 4662 2279 coloris

1825 2337 2468 2424 similitudinem
2499 2402 2525 2444 ,
2583 2366 2855 2452 quam
2909 2339 3170 2426 habet
3223 2367 3421 2425 cum
3475 2339 3812 2454 plumbi
3866 2337 4337 2443 chromate,
4423 2337 4667 2449 vulgo

1824 2477 2099 2593 giallo
2141 2477 2238 2563 di
2273 2508 2596 2565 oroma.

2053 2618 2245 2704 Post
2301 2620 2738 2706 varietates
2776 2647 2827 2705 a
2866 2621 3222 2709 Fntnsto
3259 2623 3347 2707 in
3383 2619 3604 2734 Syst.
3653 2650 3876 2734 myc.
3920 2623 4138 2731 (vol.
4162 2620 4251 2724 1,
4292 2622 4674 2733 pag.105,

1829 2789 2069 2848 num.
2105 2761 2226 2871 8)
2276 2764 2528 2851 literis
2582 2791 2675 2869 a,
2734 2761 2820 2868 b,
2881 2793 2956 2871 c,
3003 2763 3094 2848 d.
3141 2765 3548 2875 signatas,
3611 2764 3960 2852 alteram
4013 2765 4185 2849 huc
4238 2764 4678 2850 retulimus

1830 2906 1955 2994 lit.
1997 2937 2074 3013 e,
2111 2935 2360 3022 quae,
2387 2925 2483 2993 ut
2520 2909 2834 3020 pluries
2871 2907 3538 3014 observavimus,
3567 2927 3786 2995 certe
3823 2908 4238 3014 distincta,
4281 2907 4480 3022 quia
4523 2909 4682 2992 mi-

1838 3051 2064 3135 nime
2138 3050 2416 3136 colore
2468 3052 2742 3137 variat
2785 3116 2811 3158 ,
2897 3081 3048 3137 nec
3129 3052 3397 3140 fracta
3454 3053 3859 3165 nigrescit.
3924 3053 4059 3137 Ab
4115 3051 4510 3139 affinibus
4567 3070 4684 3139 ta-

1841 3222 2043 3279 men
2098 3193 2573 3307 speciebus,
2631 3223 2935 3309 nempe
2992 3196 3101 3280 ab
3157 3200 3435 3309 Agar.
3477 3225 3833 3283 ceraceo
3873 3196 4209 3285 Wum.
4233 3261 4260 3304 ,
4317 3215 4400 3282 et
4438 3193 4676 3282 chlo—

1840 3334 2234 3450 roplzano
2292 3334 2455 3421 Fa.
2490 3399 2521 3442 ,
2578 3335 2847 3424 forma
2906 3337 3103 3451 pilei
3156 3337 3505 3453 aliisque
3562 3338 3781 3425 notis
3835 3337 4171 3426 abunde
4225 3337 4524 3426 differt.

2628 3645 3087 3704 lcoNUM
3165 3648 3910 3708 EXPLICATIO.

1832 4069 2052 4156 Tu.
2111 4066 2227 4154 X.
2265 4068 2443 4184 fig.
2518 4095 2590 4154 ι.
2656 4068 2868 4156 Tria
2924 4068 3365 4157 individua
3422 4068 3886 4185 descriptae
3947 4073 4377 4162 varietatis
4415 4075 4504 4162 in
4547 4072 4680 4159 di-

2056 4244 2294 4302 verso
2375 4213 2875 4302 evolationis
2958 4214 3227 4327 gradu
3271 4279 3298 4320 ,
3389 4234 3471 4302 et
3543 4244 3651 4301 ex
3730 4215 4085 4303 herbosa
4168 4218 4404 4328 gleba
4484 4248 4683 4305 ena-

2054 4355 2385 4442 scentia.

1962 4561 1982 4582 .
2018 4560 2038 4581 .
2102 4562 2128 4601 ,
2159 4497 2344 4611 fig.
2405 4528 2484 4584 2.
2544 4496 3104 4586 Individuum
3138 4497 3497 4612 perfecte
3537 4519 4021 4609 maturum,
4060 4503 4349 4620 quoad
4383 4507 4682 4594 faciem

2052 4658 2497 4726 externam
2549 4637 2778 4753 pilei.

1904 4849 1922 4869 .
1956 4850 1976 4871 .
2012 4848 2032 4869 .
2092 4849 2118 4891 ,
2155 4782 2331 4899 fig.
2398 4783 2483 4871 3.
2544 4780 2788 4869 Idem
2846 4782 2955 4869 ad
3013 4785 3705 4898 perpendiculum
3763 4805 4130 4900 sectum,
4187 4818 4276 4878 a.
4319 4791 4678 4881 alterum

2052 4925 2403 5038 junioris
2460 4926 2747 5014 aetatis
2803 4927 3120 5040 pariter
3175 4930 3560 5015 recisum.
