5234 6725
1839 728 2002 792 xlv

1723 880 2196 993 imaginum
2250 871 2864 964 delineamenta
2918 897 3034 961 ex
3087 872 3364 961 almae
3425 870 3954 986 patentisque
4025 870 4404 959 Naturae
4483 892 4610 959 ta-

1736 1023 1959 1112 bulis
2016 1020 2552 1110 conficerem:
2604 1048 2774 1109 non
2811 1002 3123 1136 paucos
3157 1019 3423 1106 imm‘o
3461 1046 3568 1104 ex
3610 1016 4071 1104 rarioribus
4110 1018 4245 1103 vel
4286 1016 4375 1102 in
4413 1047 4605 1105 cera

1739 1166 2245 1283 effingendos
2277 1170 2602 1271 curavi,
2624 1169 2695 1254 si
2715 1166 2854 1250 cui
2887 1164 3200 1281 volupe
3221 1164 3328 1251 sit
3346 1163 3607 1250 o'culis
3630 1162 4119 1249 certioribus
4140 1163 4479 1261 intueri(
4491 1169 4600 1271 1);

1737 1319 2140 1429 quamvis
2180 1306 2651 1399 admodum
2690 1306 3026 1397 difficile
3066 1309 3107 1396 f
3101 1311 3320 1396 uerit
3374 1304 3794 1422 ejusmodi
3847 1307 4144 1422 stirpes
4190 1306 4603 1394 herbariis

1736 1484 2108 1561 servare,
2140 1457 2400 1543 autin
2427 1456 2783 1571 privatis
2819 1453 3082 1541 hortis
3106 1453 3415 1543 colere:
3460 1471 3558 1538 ut
3585 1471 3876 1541 autem
3914 1480 3965 1539 a
4007 1452 4292 1540 nativo
4321 1468 4595 1541 terrae

1738 1607 2057 1715 gremio
2112 1630 2424 1716 parum
2465 1602 3086 1718 pervellantur,
3124 1628 3281 1715 pro
3335 1599 3573 1686 molli
3630 1598 3995 1684 nimium
4053 1627 4352 1686 earum
4404 1602 4606 1687 sub-

1739 1745 2052 1830 stantia
2092 1744 2753 1859 tenuissimaque
2794 1771 3219 1858 compage,
3250 1740 3680 1830 confestim
3720 1741 4083 1829 formam
4122 1760 4204 1826 et
4243 1743 4602 1830 colorem

1745 1892 2180 1996 amittere,
2242 1890 2549 2003 cuique
2604 1887 3075 1975 luculenter
3129 1906 3379 2003 patet.
3519 1873 3528 1888 ”
4173 1987 4178 1994 ¹

1972 2031 2362 2117 Primum
2400 2033 2685 2146 itaque
2725 2032 2831 2117 de
2868 2031 2968 2117 iis
3006 2027 3467 2116 rarioribus
3505 2027 3780 2141 fungis
3816 2056 4060 2140 agam
4084 2093 4110 2136 ,
4164 2031 4314 2146 qui
4359 2060 4606 2144 supe-

1741 2175 1947 2264 riori
1987 2193 2365 2291 tempore
2406 2177 2884 2265 autumnali
2925 2176 3012 2262 in
3055 2176 3450 2263 Citeriori
3505 2173 3994 2290 Principatu
4014 2237 4041 2281 ,
4090 2175 4239 2259 ubi
4275 2176 4609 2288 potissi-

1748 2348 1995 2406 mum
2032 2321 2531 2423 rusticabar,
2564 2319 2779 2407 mihi
2819 2351 2906 2406 se
2945 2351 3033 2405 se
3075 2317 3486 2423 obtulere,
3513 2337 3844 2434 praeter
3881 2317 4326 2406 nonnullos
4354 2321 4609 2404 etiam

1752 2461 2235 2568 Calabriae,
2269 2463 2633 2576 Aprutio
2670 2480 2754 2548 et
2781 2458 3174 2574 Neapolis
3200 2459 3528 2547 viciniis
3557 2478 3962 2574 repertos,
3994 2460 4311 2575 quique
4343 2459 4610 2545 trium

1746 2608 2310 2721 speciminum
2339 2637 2765 2695 summam
2794 2608 3038 2722 plene
3068 2606 3442 2722 explent:
3475 2606 3684 2694 haec
3711 2627 4001 2693 autem
4027 2606 4341 2695 diutius
4371 2610 4612 2724 'apud

1751 2770 1897 2835 m'e
1953 2751 2309 2838 minime
2348 2748 2856 2857 manebunt,
2915 2750 3061 2838 sed
3101 2754 3215 2839 ita
3255 2758 3506 2838 erunt
3561 2750 4044 2857 constituta,
4100 2770 4201 2837 ut
4235 2751 4394 2839 hoc
4434 2755 4612 2866 pri-

1752 2923 1999 2983 mum
2039 2914 2124 2982 et
2162 2895 2526 2984 alterum
2547 2960 2573 3002 ,
2614 2925 2837 3013 quae
2873 2898 3056 3010 jam
3087 2894 3350 2986 Vobis
3389 2897 3585 2982 sisto
3611 2960 3638 3004 ,
3683 2896 4032 2984 tertium
4069 2898 4459 3012 proxime
4491 2927 4620 2983 se-

1744 3058 2101 3153 quatur.
2150 3042 2503 3155 Aliquas
2539 3060 2877 3129 tantum
2914 3041 3222 3155 species
3261 3037 3555 3126 eodem
3598 3059 3977 3155 tempore
4018 3060 4428 3157 repertas,
4469 3038 4616 3127 sed

1750 3180 2036 3268 adhuc
2076 3178 2289 3264 mihi
2333 3177 2671 3284 dubias,
2733 3176 3121 3290 deinceps
3175 3176 3597 3291 proferam
3618 3241 3646 3282 ,
3705 3174 3971 3264 donec
4028 3178 4614 3294 posterioribus

1755 3327 1976 3413 curis
2013 3324 2101 3410 in
2140 3350 2441 3410 earum
2498 3323 2915 3412 natalibus
2952 3322 3155 3411 locis
3196 3325 3558 3436 repetitis
3597 3352 3648 3410 a
3687 3355 3827 3411 me
3867 3354 4036 3412 non
4074 3324 4393 3412 fuerint
4426 3354 4618 3439 per-

1756 3500 2089 3591 pensae.
2128 3471 2492 3557 Uberior
2532 3500 2733 3556 vero
2772 3470 2990 3557 haec'
3015 3470 3251 3585 prior
3279 3470 3725 3585 fungorum
3759 3471 4042 3557 messis
4065 3470 4346 3558 fuisset
4356 3538 4385 3581 ,
4417 3473 4484 3559 si
4512 3473 4619 3558 ob

1753 3647 1953 3705 mea
1997 3643 2346 3703 munera
2380 3617 2471 3699 in
2513 3614 2813 3701 urbem
2853 3614 3162 3700 reverti
3202 3614 3557 3703 minime
3588 3614 4057 3702 debuissem
4077 3681 4103 3723 ,
4133 3636 4216 3704 et
4245 3619 4619 3705 maxime

1755 3763 1825 3848 si
1852 3763 2103 3848 tristis
2130 3762 2570 3876 proximae
2595 3763 3134 3851 Vesuvianae
3157 3758 3822 3871 conflagrationis
3848 3762 4254 3874 pernicies
4281 3761 4393 3849 ad
4423 3761 4621 3848 alias

1759 3909 2294 3994 excursiones
2370 3908 2909 4023 capessendas
2976 3911 3068 3994 in
3126 3927 3507 3996 extrema
3564 3908 4094 3997 rusticatione
4148 3906 4365 3993 mihi
4451 3937 4617 3993 non

1757 4050 2237 4157 obstitisset,
2299 4071 2380 4137 et
2438 4054 2526 4138 in
2581 4055 3000 4166 graviores
3056 4052 3326 4139 animi
3382 4055 3848 4140 anxietates
3889 4082 3989 4138 ea
4027 4055 4198 4140 otia
4238 4082 4618 4138 commu-

1756 4211 2028 4280 tasset.
2079 4180 2497 4298 Quamvis
2552 4196 2663 4283 ab
2718 4190 3142 4305 ignivomo
3197 4213 3485 4282 monte
3526 4196 3741 4283 ultra
3784 4196 4305 4310 septuaginta
4349 4193 4617 4281 millia

1758 4338 2136 4451 abessem
2160 4402 2185 4442 ,
2247 4358 2329 4425 et
2382 4340 2734 4426 minime
2790 4339 3095 4426 nostris
3148 4340 3411 4425 oculis
3469 4370 3556 4426 se
3612 4370 3697 4426 se
3755 4368 3995 4425 mons
4051 4340 4222 4452 ipse
4279 4339 4610 4454 conspi-

1924 4695 2501 4780 (1)Quamplurimn
2526 4699 2707 4760 istaec
2735 4715 3086 4782 praeparata
3124 4719 3241 4763 non
3269 4698 3464 4761 solum
3490 4702 3551 4763 in
3585 4721 3716 4762 mco
3744 4702 4018 4766 thesauro
4045 4702 4415 4788 mycetoidco
4451 4724 4625 4787 repo·

1765 4806 1877 4869 cita
1921 4822 2089 4886 sunt,
2135 4806 2238 4870 scd
2273 4806 2567 4875 nonnulla
2605 4810 2789 4873 etiam
2823 4807 2887 4869 in
2913 4809 3092 4892 Regio
3140 4810 3428 4873 Materiae
3455 4810 3717 4873 medicae
3747 4813 3951 4873 Museo
3976 4813 4394 4898 spectatoribus
4430 4828 4617 4876 osten-

1762 4919 2005 4984 duntur.
