5234 6725
1901 754 1933 862 (
1991 778 2084 860 71
2154 754 2184 863 )

609 919 1134 1007 subradicata
1156 987 1182 1029 ‚
1235 924 1737 1038 plerumque
1774 922 2322 1039 calyptratim
2363 926 2817 1015 dehiscens.
2864 929 3275 1045 Sporidia
3315 963 3461 1021 co-

605 1063 1107 1176 piosissima,
1166 1062 1546 1152 obscura.
1610 1067 1830 1155 Caro
1889 1069 2166 1154 mollis
2192 1129 2219 1173 ‚
2262 1066 2452 1156 alba
2478 1134 2505 1178 ‚
2553 1100 2792 1156 more
2833 1072 3450 1158 esculentorum

611 1207 941 1325 sapida.

833 1354 1063 1445 Loco
1100 1358 1361 1443 natali
1405 1356 1516 1443 ab
1553 1360 1933 1470 agricolis
1970 1359 2335 1445 volozza
2356 1357 2678 1475 pelosa
2718 1361 3071 1470 dicitur,
3113 1364 3256 1449 sed
3293 1396 3447 1479 pro

622 1526 769 1583 esu
834 1501 1192 1585 minime
1259 1500 1734 1587 adhibetur.
1791 1501 2085 1587 Italiae
2144 1520 2225 1584 et
2267 1505 2603 1590 Sueciae
2643 1522 2978 1613 autem,
3023 1526 3222 1592 teste
3266 1509 3446 1619 ipso

611 1637 1059 1726 Mlcnnmo
1095 1638 1442 1756 aliisque
1476 1639 2076 1727 illustrioribus
2114 1643 2566 1759 mycologis
2594 1709 2621 1751 ‚
2665 1646 2933 1733 edulis
2969 1668 3120 1735 est.

1361 1951 1842 2014 lcoNUM
1927 1955 2699 2019 EXPLICATIO.

595 2379 819 2467 ΤΑΒ.
887 2375 1334 2465 XXXIV.
1372 2377 1544 2491 fig.
1615 2403 1679 2462 ι.
1745 2374 2029 2462 Volva
2079 2377 2447 2490 perfecte
2490 2393 2741 2461 ovata
2776 2441 2802 2482 ,
2863 2380 3263 2467 exteriori
3306 2412 3445 2468 su-

814 2520 1157 2637 perficie
1182 2520 2097 2635 squamoso-fibrillosa,
2133 2522 2221 2606 in
2253 2520 2497 2632 cujus
2521 2521 2713 2607 sinu
2742 2520 3096 2633 fungum
3124 2551 3440 2636 parvu-

817 2665 1000 2752 lum
1042 2694 1159 2751 ex
1191 2666 1511 2777 integro
1548 2664 2007 2753 abscondit.

668 2869 691 2897 .
724 2871 742 2892 .
780 2875 798 2897 .
830 2870 857 2914 ,
871 2806 1043 2923 fig.
1068 2836 1155 2896 2.
1184 2806 1506 2895 Eadem
1535 2804 1787 2894 volva
1819 2808 2081 2917 magis
2108 2806 2484 2913 evoluta,
2514 2807 2792 2893 forma
2822 2807 3434 2916 conico-ovata,

812 2969 897 3037 et
934 2951 1303 3037 exterius
1341 2947 1655 3036 cortice
1695 2948 1918 3035 laevi
1958 2947 2373 3035 distincta.
2461 2995 2468 3000 ·

666 3161 684 3182 .
720 3159 740 3181 .
777 3160 795 3182 .
827 3161 854 3205 ,
866 3097 1036 3211 fig.
1073 3096 1155 3183 3.
1214 3095 1618 3208 Ejusdem
1671 3098 1923 3180 sectio
1960 3092 2669 3208 perpendicularis
2691 3156 2716 3197 ‚
2754 3114 3437 3182 commonstrans

817 3238 1182 3327 naturali
1260 3236 1846 3349 magnitudine
1930 3264 2030 3322 ac
2091 3235 2281 3321 sede
2359 3235 2702 3321 intimas
2783 3236 3014 3356 fungi
3094 3257 3376 3351 partes
3412 3303 3434 3340 ‚

808 3411 1141 3469 necnon
1179 3382 1505 3469 mirum
1539 3396 1892 3465 naturae
1932 3380 2373 3496 opificium
2404 3375 2705 3465 tuendi
2733 3378 3115 3495 plantam
3150 3380 3436 3468 adhuc

814 3531 1246 3617 tenellam.

716 3736 736 3758 .
772 3733 793 3756 .
828 3736 855 3780 ‚
870 3671 1045 3786 fig.
1093 3688 1194 3773 4.
1242 3671 1583 3782 Fungus
1619 3669 2093 3757 maturitati
2134 3671 2622 3785 proximus,
2667 3687 2751 3753 et
2783 3702 2828 3755 e
2867 3670 3118 3756 volva
3163 3668 3433 3754 lacera

806 3813 1263 3903 ascendens
1289 3879 1316 3923 ‚
1376 3817 1526 3929 qui
1592 3817 1681 3900 in
1740 3816 1946 3928 pilei
1986 3813 2214 3901 disco
2255 3814 2643 3928 calyptra
2682 3840 3036 3898 exsucca
3068 3877 3092 3917 ,
3136 3844 3182 3895 e
3222 3811 3435 3897 frac-

810 3981 998 4047 tura
1036 3963 1370 4046 tunicae
1408 3958 1793 4073 ejusdem
1837 3958 2134 4048 volvae
2175 3956 2536 4046 formata
2559 4022 2587 4064 ‚
2631 3960 3090 4043 instructus
3124 3977 3271 4040 est.

714 4165 736 4189 .
769 4167 791 4189 .
831 4168 857 4211 ,
953 4103 1053 4218 'g.
1113 4107 1202 4191 5.
1265 4102 1550 4188 Portio
1605 4132 1653 4188 a
1709 4099 1935 4214 pileo
1992 4099 2222 4211 fungi
2279 4101 2683 4208 abscissa,
2739 4119 2836 4184 ut
2886 4101 3430 4187 lamellarum

806 4241 1083 4329 forma
1121 4272 1220 4328 ac
1257 4241 1699 4359 dispositio
1738 4243 2047 4330 clarius
2084 4259 2458 4356 pateant.

703 4452 723 4474 .
757 4450 779 4474 .
823 4388 1034 4505 ›fig-
1077 4388 1164 4476 6.
1209 4389 1588 4505 Sporidia
1632 4391 1792 4475 sub
1829 4389 2378 4504 microscopio
2418 4385 2861 4475 delineata.
