5234 6725
3281 756 3441 812 xm

691 896 925 985 dent.
1013 894 1317 984 Nullus
1413 915 1697 985 tamen
1792 895 2002 986 ordo
2035 967 2041 972 .
2073 900 2174 986 in
2260 926 2559 988 earum
2631 897 3236 989 «distributione
3319 904 3558 991 'mihi

632 1077 641 1086 ·
688 1044 1149 1131 servandus
1191 1044 1399 1130 fuit‘:
1448 1073 1663 1159 quas
1720 1036 1947 1131 enim
2006 1048 2095 1131 in
2150 1021 3557 1158 annu-is-peregrinationibus-sum

689 1186 1194 1295 offensurus,
1226 1217 1373 1275 eae
1411 1189 1501 1273 in
1537 1189 1949 1302 proximis
1986 1189 2590 1303 speciminibus
2624 1190 2908 1275 statim
2937 1190 3558 1303 describunturg

689 1354 943 1449 atque
984 1333 1181 1419 inde
1218 1329 1329 1417 ad
1367 1333 1679 1418 calcem
1721 1331 1998 1445 operis
2049 1361 2346 1416 earum
2405 1335 2657 1418 turba
2713 1333 2804 1418 in
2866 1332 3370 1420 methodum
3426 1362 3556 1418 re·

689 1480 857 1591 digi
903 1480 1228 1594 poterit.
1277 1482 1611 1567 Genera
1650 1507 1854 1562 vero
1893 1507 1941 1561 a
1994 1474 2337 1561 laudato
2379 1479 2860 1566 Pnnsoomo
2899 1481 3403 1567 :etFamsm
3458 1480 3549 1564 in

676 1624 1183 1709 memoratis
1239 1617 1841 1709 voluminibus·
1871 1620 2319 1706 constituta
2343 1684 2369 1725 ,
2432 1638 2518 1704 et
2576 1597 2666 1704 in
2695 1620 3186 1731 specierum
3247 1651 3345 1706 ac
3404 1651 3554 1708 va-

686 1767 1086 1853 rietatum
1143 1764 1841 1881 descriptionibus
1907 1765 2263 1848 istorum
2335 1781 2782 1849 auctorum
2866 1765 3280 1852 rationem
3359 1794 3559 1854 ‚sum

688 1910 1215 2023 complexus.
1264 1911 1514 1996 Hisce
1553 1928 1889 2015 autem,
1916 1926 2032 1993 -ut
2072 1936 2369 1993 earum
2409 1905 3000 1993 determinatio
3041 1908 3384 2024 planior.
3415 1906 3556 1992 fie-

686 2076 867 2163 ret,
929 2057 1296 2168 adjunxi
1352 2057 1533 2142 loca
1569 2055 1923 2163 natalia,
1961 2054 2442 2170 probatiora
2479 2082 2962 2169 synonyma
3003 2074 3258 2170 atque
3303 2081 3554 2140 accu-

686 2223 907 2289 ratas
945 2203 1608 2308 observatione-33
1667 2219 1751 2286 et
1789 2228 1887 2284 ea
1941 2217 2281 2287 tantum
2320 2199 2745 2285 schemata
2786 2197 3554 2313 iconographorum

686 2348 1038 2453 admisi,
1083 2375 1305 2461 quae
1340 2344 1768 2431 consulere
1807 2339 2040 2456 apud
2079 2371 2227 2427 nos
2265 2341 2480 2426 mihi
2520 2340 2820 2426 datum
2846 2404 2874 2446 ,
2918 2360 3001 2426 et
3041 2372 3261 2455 quae
3294 2370 3552 2455 expe-

685 2495 987 2581 rientia
1044 2490 1387 2596 docuit,
1449 2491 1579 2575 uti
1637 2486 1804 2575 fida
1862 2484 2257 2573 habenda
2316 2515 2517 2571 esse.
2596 2485 2910 2588 Quoad
2967 2485 3151 2572 fieri
3206 2491 3545 2599 potuit,
3597 2553 3606 2562 .

686 2633 1290 2723 nonnullorum
1326 2630 1787 2741 fungorum
1823 2657 2108 2735 usum,
2132 2627 2630 2741 praesertim
2667 2629 2738 2714 si
2779 2631 3193 2717 vescendo
3235 2630 3544 2733 forent,

685 2784 942 2870 etiam
983 2795 1402 2866 scrutatus
1441 2804 1663 2879 sum,
1698 2792 1796 2857 ut
1836 2773 2123 2859 edules
2160 2803 2209 2858 a
2247 2773 2734 2886 perniciosis
2773 2774 3144 2885 dignosci
3185 2794 3534 2888 queant:

686 2926 997 3012 etenim
1052 2923 1162 3009 ab
1217 2917 1618 3007 industris
1657 2916 1863 3004 viris
1900 2943 2001 3002 ac
2040 2914 2288 3028 longo
2342 2944 2500 3002 usu
2559 2916 2876 3002 edoctis
2933 2917 3352 3006 duntaxat
3410 2922 3548 3010 in.-

683 3072 1106 3156 tellectum
1146 3062 1309 3147 hoc
1347 3077 1990 3170 argumentum,
2023 3088 2225 3143 cum
2260 3088 2434 3144 non
2473 3060 2727 3172 pauci
2767 3060 2988 3146 inter
3024 3061 3369 3147 lethales
3409 3064 3548 3149 in-

679 3214 1133 3303 veniantur
1167 3205 1608 3295 esculentis
1641 3203 2146 3318 persimiles,
2173 3223 2257 3290 et
2293 3231 2724 3315 saepe-sua
2762 3203 3295 3315 jucunditate
3331 3206 3546 3295 adeo

683 3356 995 3469 gulosis
1031 3348 1422 3467 palatum
1457 3346 1844 3454 excitent,
1882 3364 1980 3432 ut
2017 3374 2162 3432 eos
2193 3344 2282 3430 in
2322 3345 2612 3431 mortis
2650 3343 3101 3433 discrimen
3140 3339 3311 3436 non
3348 3378 3543 3436 raro

684 3498 1181 3614 perducant.

902 3641 1071 3726 Pro
1110 3635 1420 3749 majori
1465 3633 2061 3745 hujuscemodi
2114 3635 2739 3723 exercitationis
2793 3636 3333 3751 intelligentia
3365 3703 3393 3745 ,
3455 3657 3541 3725 et

680 3819 784 3873 ne
823 3782 1035 3902 quid
1075 3782 1335 3895 hujus
1372 3783 1496 3867 rei
1535 3779 1926 3870 studiosis
1964 3781 2264 3869 auxilii
2320 3780 2577 3888 desit,
2622 3802 2717 3869 ut
2758 3783 3015 3871 moris
3053 3803 3220 3891 est,
3281 3785 3540 3872 tabu·

675 3927 798 4013 las
839 3954 1011 4012 non
1046 3922 1238 4009 rudi
1277 3951 1543 4008 manu
1581 3924 1853 4036 pictas
1886 3921 2182 4012 addidi
2207 3987 2238 4031 ,
2287 3925 2431 4010 ubi
2467 3925 2828 4040 quisque
2867 3923 3170 4037 fungus
3200 3955 3536 4019 summo

676 4065 958 4153 studio
1013 4063 1233 4150 veris
1288 4062 1712 4149 coloribus
1768 4063 2096 4150 fucatus
2152 4067 2244 4151 in
2298 4067 2644 4182 propria
2700 4086 3023 4155 statura
3051 4133 3077 4175 ,
3123 4090 3207 4155 et
3246 4072 3535 4157 nativo

672 4212 841 4297 situ
879 4235 965 4290 se
1005 4201 1301 4290 offert:
1349 4207 1617 4290 immo
1655 4234 1921 4290 curae·
1946 4203 2108 4292 fuit
2144 4206 2392 4293 illum
2427 4211 2714 4295 sistere
2753 4230 2902 4296 aut
2942 4214 3346 4327 supinum
3388 4232 3536 4300 aut

674 4349 1392 4466 longitudinaliter
1447 4349 1900 4437 dissectum
1929 4414 1961 4455 ,
2017 4380 2194 4466 quo
2248 4354 2636 4468 hymenii
2675 4372 3013 4444 textura
3052 4356 3300 4471 plane
3337 4390 3528 4446 con-

667 4493 1074 4611 spiciatur
1102 4552 1131 4596 ,
1189 4507 1274 4575 et
1334 4488 1578 4575 lentis
1635 4492 1953 4577 vitreae
1984 4518 2167 4611 ‘ope
2220 4494 2282 4578 ii
2332 4498 2622 4605 ,augeri
2679 4498 3044 4612 possint,
3091 4499 3180 4585 in
3220 4501 3530 4615 quibus

671 4639 1017 4723 obscure
1072 4649 1507 4741 emergunt
1545 4654 1827 4746 partes
1842 4669 1870 4734 3
1914 4634 2126 4725 adeo
2163 4639 2515 4754 quidem
2552 4659 2649 4725 ut
2691 4672 2797 4727 ex
2835 4643 3012 4731 sola
3049 4647 3307 4732 etiam
3346 4647 3528 4760 pic-

672 4799 864 4866 tura
919 4773 1180 4863 facilis
1218 4772 1441 4859 illius
1477 4775 1602 4860 rei
1645 4779 2003 4889 cognitio
2041 4779 2475 4871 reddatur.
2512 4785 2736 4874 Mihi
2780 4816 2984 4875 vero
3021 4820 3189 4879 non
3216 4820 3525 4904 parum

672 4922 981 5012 laboris
1034 4918 1665 5034 suscipiendum
1716 4919 1874 5007 fuit
1902 4986 1936 5032 ,
1993 4945 2088 5014 ut
2143 4943 2331 5014 tum
2389 4957 2688 5018 eorum
2744 4931 3179 5021 historiam
3216 4999 3244 5044 ,
3336 4960 3522 5026 tuin
