5234 6725
3269 743 3389 811 xv

638 889 1031 976 ciendum
1095 890 1385 1002 daret,
1445 890 1576 976 vis
1633 906 1920 975 tamen
1974 884 2239 973 sabiei
2299 885 2387 972 in
2445 916 2542 976 ea
2601 885 3119 993 calamitate,
3166 915 3493 975 memo-

640 1036 763 1119 ria
820 1051 1347 1148 posterorum
1404 1028 1647 1144 digna
1672 1095 1703 1135 ,
1762 1062 1813 1117 a
1872 1028 2050 1118 fero
2109 1029 2185 1139 ej
2196 1029 2486 1115 usdem
2524 1028 2850 1144 impetu
2893 1031 2980 1113 in
3018 1028 3286 1116 altum
3337 1059 3491 1143 per

638 1196 866 1263 atrae
922 1178 1170 1269 nubis
1226 1179 1578 1264 vortices
1634 1177 1897 1281 elata,
1941 1203 2039 1261 ac
2078 1174 2566 1288 urgentibus
2608 1176 2878 1261 ventis
2936 1176 3047 1263 ad
3105 1203 3255 1260 nos
3292 1206 3491 1261 eve-

639 1340 771 1410 cta
796 1385 821 1425 ,
862 1351 1064 1407 cum
1101 1324 1387 1409 omnia
1429 1307 1724 1408 misere
1763 1349 1860 1406 ac
1898 1321 2270 1407 luctuose
2296 1312 2710 1405 ⁴obruisset
2737 1383 2765 1424 ,
2806 1321 3088 1434 plures
3124 1350 3276 1434 per
3320 1321 3498 1407 dies

636 1462 1098 1577 pulchrum
1154 1463 1692 1579 plantarum,
1755 1437 2293 1574 aliarumque
2349 1492 2640 1547 rerum
2691 1463 3214 1550 naturalium
3252 1493 3496 1577 aspe-

634 1622 870 1688 ctum
911 1605 1245 1718 eripuit.
1285 1604 1614 1689 Fumus
1652 1623 1733 1689 et
1771 1605 2028 1714 caligo
2065 1631 2310 1717 saepe
2346 1603 2673 1717 saepius
2712 1604 2927 1690 aeris
2963 1606 3495 1690 serenitatem

636 1747 1137 1843 turbarunt3
1192 1764 1273 1831 et
1325 1745 1557 1832 noxii
1599 1744 1825 1832 acidi
1901 1743 2332 1831 muriatici
2385 1748 2416 1855 (
2470 1743 3117 1858 hydroclzlon'ci
3154 1748 3184 1854 )
3247 1745 3496 1854 odor,

634 1894 782 2006 qui
869 1890 1294 1977 interdum
1375 1888 1996 2004 excipiebatur,
2058 1919 2215 1975 nec
2291 1918 2462 1975 non
2522 1891 2861 1976 crebrae
2931 1908 3200 1979 terrae
3254 1921 3496 1978 ‚com-

628 2036 1040 2122 motiones
1097 2036 1206 2120 ab
1262 2034 1425 2121 illis
1478 2036 1894 2122 botanicis
1947 2036 2676 2122 observationibus
2730 2066 2870 2123 me
2924 2065 3261 2152 prorsus
3300 2065 3502 2123 avo·

618 2201 926 2270 carunt
968 2185 1114 2293 (1),
1160 2210 1371 2296 quas
1407 2189 1694 2268 tamen
1730 2211 1881 2268 sua
1922 2184 2122 2268 anui
2168 2200 2436 2267 aetate
2471 2180 2809 2289 fortius,
2853 2185 3211 2272 Summo
3252 2182 3500 2296 adju-

629 2341 884 2411 vante
921 2325 1337 2431 Numine,
1378 2324 1595 2412 mihi
1631 2322 2190 2438 redintegrare
2225 2326 2350 2412 fas
2389 2324 2593 2436 erit3
2630 2356 2732 2410 ne
2773 2326 3041 2413 desim
3077 2354 3177 2410 ea
3199 2393 3226 2432 ,
3272 2355 3494 2439 quae

627 2488 1109 2584 temporum
1170 2472 1746 2585 opportunitas
1773 2534 1799 2576 ,
1877 2498 2235 2585 meaque
2290 2502 2392 2586 pa
2407 2471 2663 2555 tietur
2723 2470 3077 2555 tenuitas
3110 2534 3136 2576 ,
3211 2470 3497 2557 labore

628 2615 1068 2730 prosequi3
1129 2616 1285 2702 ubi
1337 2615 1550 2702 haec
1605 2614 1777 2702 alia
1835 2633 2111 2703 nostra
2168 2616 2634 2702 tentamina
2677 2614 2998 2722 Vobis,
3043 2615 3164 2700 uti
3205 2614 3495 2729 aequis

630 2760 968 2846 arbitris
997 2822 1023 2864 ,
1082 2757 1393 2845 fuerint
1449 2759 1832 2873 probata.

855 2904 971 2990 Et
1022 2903 1232 2989 haec
1285 2905 1640 3019 quidem
1678 2902 1793 2990 ad
1829 2921 2219 2991 nostrum
2274 2902 2902 3016 mycologicum
2938 2901 3326 2990 laborem
3357 2922 3495 2989 at-

624 3043 937 3145 tinent,
995 3064 1076 3130 et
1131 3071 1230 3128 ea
1285 3042 1612 3150 studia,
1672 3045 1984 3159 quibus
2038 3043 2319 3158 elapso
2375 3065 2827 3152 autumnO,
2882 3046 3262 3157 ρᾶἓυμίας·
3312 3064 3494 3133 tae·-

628 3182 872 3269 dium
930 3183 1390 3271 avertendo
1417 3245 1450 3287 ,
1508 3184 1899 3270 animum
1952 3183 2335 3292 detinui,
2395 3215 2614 3300 quae
2653 3187 3048 3300 quamvis
3086 3188 3173 3270 in
3216 3184 3486 3271 infimi

627 3328 1020 3443 stirpium
1075 3326 1387 3415 ordinis
1422 3327 2130 3441 contemplatione
2184 3347 2668 3437 versantur,
2728 3329 3082 3417 minime
3137 3330 3492 3446 quidem

629 3470 868 3557 dulci
921 3489 1005 3558 et
1064 3471 1248 3556 utili
1283 3459 1594 3560 carent}
1636 3471 2147 3559 Extremum
2186 3503 2401 3561 vero·
2431 3492 2552 3561 est
2591 3491 2688 3559 ut
2721 3471 2938 3560 illud
2981 3474 3289 3580 fatear,
3334 3473 3488 3560 has

625 3618 949 3733 patriae
1004 3617 1306 3704 Florae
1361 3616 1700 3706 delicias
1754 3619 2308 3745 quantumvis
2341 3648 2392 3704 a
2434 3648 2573 3705 me
2609 3617 3098 3729 illustratas,
3143 3638 3226 3706 et
3265 3619 3489 3707 hanc

595 3758 1112 3875 lampadem
1171 3761 1358 3847 licet
1411 3790 1597 3848 sero
1654 3762 1841 3848 aliis
1892 3762 2055 3848 sim
2114 3760 2629 3865 traditurus,
2670 3777 3007 3846 tantam
3062 3759 3488 3848 nihilomi-

614 3931 781 3987 nus
816 3900 1328 4014 praeseferre
1363 3906 1695 4017 copiam
1724 3968 1752 4010 ,
1796 3921 1892 3989 ut
1930 3921 2345 4018 tanquam
2386 3904 2686 4014 exigua
2721 3930 2916 4014 pars
2972 3902 3081 3989 ab
3128 3902 3489 4016 opulen-

623 4042 943 4126 tissima
980 4060 1259 4127 nostra
1315 4041 1708 4130 botanica
1763 4041 2267 4155 supellectili
2322 4043 2617 4129 selecta
2677 4071 2847 4128 non
2891 4044 3325 4128 immerito
3380 4041 3487 4127 sit

627 4182 1188 4294 agnoscenda3
1232 4185 1590 4298 ideoque
1625 4183 2058 4272 habebunt
2097 4185 2470 4300 profecto
2508 4200 2880 4301 posterae
2920 4185 3210 4271 aetatis
3246 4184 3488 4269 bota-

767 4608 881 4695 “(ι)
913 4610 1088 4676 Cous.
1128 4630 1278 4696 opus
1318 4611 1538 4694 equitis
1572 4611 1652 4676 Τ.
1691 4611 2084 4675 Motu-rma
2124 4623 2187 4674 et
2223 4610 2300 4675 N.
2341 4609 2651 4680 Coum,
2691 4609 2792 4670 cui
2835 4607 3087 4671 titulus:
3139 4608 3345 4672 Soon'a
3393 4609 3475 4671 de

594 4719 934 4797 finommz'
969 4720 1076 4784 del
1113 4724 1390 4786 Vesuvio
1427 4723 1732 4786 avoenuti
1768 4720 1941 4802 negti
1977 4722 2142 4784 anni
2179 4719 2329 4783 1821
2356 4764 2377 4801 ,
2423 4719 2591 4784 1822
2628 4740 2664 4782 e
2688 4727 2882 4802 parte
2924 4717 3035 4781 del
3082 4719 3251 4782 1823
3281 4762 3301 4796 ‚
3353 4737 3478 4780 con

618 4834 1037 4897 ammantat&
1071 4851 1109 4898 ο
1145 4833 1526 4918 quer-inune&
1565 4833 1825 4918 Napoli
1836 4874 1860 4913 ,
1902 4832 2098 4905 1823,-
2133 4832 2198 4898 in
2234 4853 2365 4918 quo
2403 4830 2645 4918 longius
2684 4845 2747 4897 et
2789 4828 3017 4896 erudite
3055 4832 3172 4896 hac
3210 4851 3388 4916 super
3416 4845 3484 4893 re

620 4939 947 5007 disseritur.
