5234 6725
2987 731 3017 836 (
3080 743 3187 830 ⁵4
3242 729 3274 835 )

1954 900 2430 989 Decedente
2507 897 2824 986 octobri
2901 898 2991 983 in
3067 894 3406 1009 sepibus
3462 922 3700 980 secus
3755 895 3939 981 vias
3994 914 4500 1009 campestres
4544 960 4574 1003 ,

1725 1047 1837 1133 ad
1915 1045 2349 1131 ulmorum
2423 1059 2506 1126 et
2581 1038 3088 1153 populorum
3165 1036 3479 1123 radices
3550 1034 3758 1120 haec
3833 1054 4186 1123 venusta
4261 1039 4575 1150 species
4664 1057 4678 1070 ·

1725 1189 2042 1276 crescit.
2100 1186 2484 1271 Primum
2541 1213 2593 1270 a
2650 1211 2788 1267 me
2845 1184 3194 1266 inventa
3252 1180 3494 1292 juxta
3536 1177 4045 1293 oppidulum
4082 1181 4260 1292 agri
4299 1180 4576 1267 Salvi-

1725 1329 2102 1417 tellensis
2174 1355 2397 1413 anno
2483 1322 2760 1430 18243
2837 1341 2922 1407 et
3002 1320 3300 1409 codem
3377 1350 3658 1407 mense
3744 1318 3955 1406 1852
4023 1322 4116 1407 in
4171 1321 4576 1410 viridario

1728 1506 1993 1592 prope
2046 1474 2370 1585 regiam
2426 1469 2724 1555 villam
2783 1466 2890 1552 de
2927 1465 3391 1551 Porticibus
3429 1465 3865 1574 (Portici)
3906 1466 4159 1551 etiam
4198 1464 4308 1551 ad
4345 1483 4582 1553 trun-

1726 1647 1867 1703 cos
1924 1635 2354 1703 emortuos
2407 1610 2792 1699 olearum
2819 1672 2847 1715 ,
2924 1610 3121 1722 jove
3196 1606 3490 1725 pluvio
3565 1605 3980 1691 saeviente
4017 1669 4046 1712 ,
4121 1606 4579 1693 solitariam

1732 1758 1936 1846 vidi.
4435 1761 4440 1767 '

1963 2053 2162 2137 Ons.
2202 2101 2241 2116 ·
2279 2051 2585 2138 Pileus
2663 2055 2752 2138 in
2828 2049 3289 2137 individuis
3360 2050 3574 2136 bene
3629 2051 4041 2156 evolutis,
4100 2069 4186 2137 et
4241 2052 4581 2137 subcae-

1740 2197 2048 2308 spitem
2106 2190 2743 2279 efformantibus
2806 2191 2944 2277 2-3
3001 2221 3196 2276 unc.
3265 2192 3532 2296 latus,
3593 2194 3683 2276 in
3740 2191 4134 2279 solitariis
4190 2192 4362 2278 fere
4399 2195 4579 2306 pal-

1737 2340 2058 2446 maris,
2119 2337 2525 2422 umbilico
2579 2337 2871 2449 patulo
2911 2400 2937 2441 ,
2997 2335 3275 2443 laevi,
3334 2354 3787 2446 castane03
3846 2339 4217 2450 margine
4270 2334 4583 2423 inordi-

1740 2499 1937 2566 nate
1992 2481 2273 2567 lobato
2329 2499 2413 2566 et
2467 2479 2668 2565 hinc
2723 2479 2921 2566 inde
2985 2477 3175 2565 fisso
3203 2542 3230 2585 ,
3302 2509 3634 2593 semper
3700 2510 3903 2567 vero
3961 2481 4339 2567 incurv0.
4395 2482 4587 2566 La-

1741 2622 2060 2723 mellae
2137 2622 2707 2708 subconfertae
2749 2687 2775 2729 ,
2860 2651 3264 2709 exsuccae
3308 2687 3334 2729 ,
3415 2623 3793 2734 liberae3
3875 2626 4233 2738 majores
4311 2652 4586 2737 usque

1748 2762 1860 2848 ad
1919 2762 1969 2844 8
2028 2761 2178 2846 lin.
2242 2762 2458 2847 latae
2499 2825 2525 2867 ,
2588 2780 2671 2846 et
2724 2765 2814 2847 in
2869 2759 3424 2849 adultioribus
3477 2793 3787 2877 parum
3842 2765 4070 2852 inter=
4114 2794 4203 2850 se
4256 2765 4584 2851 incum-

1746 2905 2094 3012 bentes;
2180 2903 2661 2991 lamellulas
2741 2904 2933 3019 plus
3007 2906 3402 2990 minusve
3487 2906 3777 3019 longae
3814 2971 3843 3015 ,
3931 2905 4043 2993 ad
4115 2909 4326 3023 pilei
4401 2935 4588 2994 oras

1746 3076 2283 3155 numerosae,
2339 3049 2615 3136 antice
2672 3076 3151 3154 convexae,
3209 3049 3519 3162 postice
3573 3069 3899 3137 acutae.
3961 3050 4588 3168 Unaquaeque,

1746 3191 2051 3275 ultima
2132 3208 2404 3277 aetate
2435 3254 2463 3296 ,
2547 3189 2787 3275 facile
2867 3192 2956 3276 in
3036 3188 3243 3276 duas
3295 3191 3707 3279 scinditur
3760 3194 4385 3280 membranulas
4423 3258 4450 3300 ,
4509 3216 4595 3281 et

1749 3336 1829 3447 ej
1842 3366 1933 3420 us
1987 3362 2279 3445 margo
2333 3363 2493 3449 ope
2547 3333 2790 3419 lentis
2847 3331 3408 3423 denticulatus
3460 3335 3683 3425 clare
3736 3340 4146 3449 cernitur,
4186 3336 4592 3427 denticuli

1746 3475 2293 3580 obscuriores,
2339 3473 2846 3589 inaequales.
2886 3474 3179 3588 Stipes
3219 3477 3304 3561 in
3345 3476 4086 3590 pileum-diffusus,
4133 3481 4280 3566 2-5
4317 3482 4369 3586 ὲ
4395 3511 4590 3568 unc.

1746 3618 2042 3726 longus
2080 3679 2106 3721 ,
2197 3615 2391 3700 5-10
2466 3615 2613 3705 lin.
2694 3614 2806 3704 ad
2877 3616 3149 3701 basim
3206 3644 3528 3702 crassus
3571 3680 3598 3722 ,
3659 3614 4361 3731 fibroso-lignosus
4402 3684 4432 3726 ,
4503 3640 4592 3707 et

1748 3758 2151 3846 radiculis
2208 3758 2454 3845 fuscis
2496 3760 3000 3867 instructus3
3041 3758 3471 3873 superficie
3507 3759 3892 3847 dilutiori
3929 3761 4207 3849 colore
4245 3766 4587 3871 tinctus,

1747 3901 1891 3990 sed
1946 3921 2175 3988 tactu
2228 3903 2635 4013 nigrescit.
2695 3902 3253 4017 Hymettium
3309 3902 3793 4023 pulvisculo
3850 3904 4044 3991 albo
4083 3907 4598 4020 (sporidiis)

1750 4047 2247 4158 inspersum.
2305 4042 2523 4132 Caro
2583 4043 2998 4131 subtenax
3024 4105 3050 4149 ,
3131 4071 3420 4130 crocea
3457 4107 3489 4149 ,
3567 4072 3618 4130 a
3693 4043 3954 4134 larvis
4006 4064 4092 4133 et
4144 4046 4598 4136 limacibus

1749 4184 1998 4276 valde
2054 4181 2382 4268 infesta.

1969 4334 2169 4420 Non
2246 4332 2466 4416 mihi
2544 4332 2830 4418 adhuc
2904 4352 3226 4422 constat
3278 4338 3346 4421 si
3401 4336 3539 4422 hic
3594 4339 3902 4450 fungus
3956 4343 4067 4427 sit
4122 4344 4526 4430 innoxius
4565 4408 4595 4450 ,

1751 4477 2148 4589 quamvis
2202 4473 2455 4559 odore
2511 4504 2611 4560 ac
2667 4506 2965 4589 sapore
3021 4476 3257 4564 baud
3310 4478 3694 4568 dissimili
3749 4483 3934 4570 aliis
3987 4486 4410 4595 edulibus3
4453 4518 4601 4573 nec

1752 4650 1803 4704 a
1860 4616 2287 4721 ruricolis,
2361 4615 2512 4700 ubi
2566 4615 2809 4701 illum
2865 4621 3186 4732 reperi,
3258 4622 3594 4735 proprio
3659 4630 3998 4713 nomine
4064 4628 4604 4738 distinctum,

1759 4782 1906 4847 aut
1984 4762 2234 4848 alicui
2313 4765 2508 4847 usui
2581 4781 3088 4876 usurpatum
3163 4793 3338 4850 esse
3414 4766 3815 4852 intellexi.
3891 4767 4149 4873 Quod
4202 4771 4428 4857 mihi
4481 4792 4603 4857 est

1761 4921 2291 5017 compertum
2329 4967 2360 5008 ,
2418 4931 2573 5014 per
2630 4902 2945 5017 aliquot
3003 4922 3331 5017 tempus
3408 4904 3988 5021 incorruptum
4065 4912 4382 5001 servari
4421 4976 4452 5019 ,
4527 4933 4614 5001 et

3387 6136 5173 6725 ᾈ-Ᾰ
