5234 6725
1808 726 1897 779 IV

1694 881 2108 993 utrinque
2186 877 2631 996 „dispersas
2671 942 2693 980 ‚
2787 890 2869 960 et
2895 877 3107 988 sere
3151 906 3520 993 prorsus
3597 874 3905 960 oblitas
3988 872 4540 988 reliquerunt.

1719 1030 1972 1110 Unus
2031 1039 2329 1110 tamen
2388 1024 2603 1111 lzuic
2660 1023 3051 1134 injuriae
3106 1020 3503 1106 obstabat
3525 1019 3859 1130 filialis
3916 1018 4292 1135 affectus
4321 1084 4349 1123 ,
4394 1025 4549 1134 qui

1699 1198 1902 1254 cum
1942 1168 2042 1250 in
2083 1167 2383 1252 ceteris
2421 1180 2910 1279 parentum
2967 1164 3483 1248 memoriam
3511 1163 4009 1278 praeterire
4046 1190 4228 1246 non
4266 1163 4544 1265 sinat,

1700 1309 2087 1422 aliisque
2142 1307 2602 1394 colendam
2660 1309 3004 1392 tradere
3071 1306 3559 1392 rationibus
3647 1304 3913 1391 variis
3972 1306 4279 1391 doceat
4317 1368 4343 1408 ,
4402 1335 4550 1391 me

1691 1485 1749 1538 a
1791 1454 2136 1541 directis
2178 1455 2429 1568 patri
2482 1485 2673 1540 meo
2715 1452 3123 1538 laudibus
3165 1452 3716 1555 exhibendis,
3776 1482 4041 1567 saepe
4095 1453 4351 1540 vanis
4389 1467 4552 1539 aut

1663 1595 2206 1708 fallacibus,
2250 1597 2641 1703 distulit3
2685 1595 2848 1681 sed
2897 1595 2997 1679 id
3027 1595 3337 1681 melius
3377 1595 3825 1710 persuasit
3854 1661 3878 1698 ,
3948 1607 4050 1678 ut
4075 1595 4184 1679 ab
4226 1595 4552 1709 ipsius-

1694 1755 1870 1828 met
1929 1743 2333 1857 scriptis,
2393 1743 2952 1857 assiduisque
3009 1741 3504 1857 scientificis
3590 1747 3822 1830 curis
3879 1742 4264 1829 debitam
4324 1749 4556 1831 viro-

1700 1919 1901 1973 rum
1958 1889 2693 1977 existimationem
2752 1903 2835 1974 et
2891 1887 3229 1975 cultum
3279 1886 3427 1993 ,illi
3478 1919 3915 2005 caperem.

1925 2032 2193 2117 Sacro
2250 2030 2540 2144 itaque
2595 2028 2759 2116 lzoc
2817 2060 3176 2117 munere
3231 2030 3609 2117 adactus
3637 2096 3665 2135 ,
3707 2045 3898 2117 tum
3936 2032 4373 2119 naturalis
4410 2035 4560 2148 af-

1701 2172 1990 2276 fectus
2015 2233 2042 2275 ,
2106 2185 2296 2256 tum
2352 2178 2948 2259 communium
3004 2202 3209 2257 cum
3265 2173 3415 2260 illo
3469 2172 3954 2260 studiorum
3982 2239 4008 2279 ,
4089 2175 4190 2260 in
4245 2173 4560 2289 quibus

1706 2327 1873 2410 toto
1957 2328 2285 2401 conatu
2364 2345 2505 2402 me
2564 2317 2914 2403 erudire
2970 2316 3286 2433 sategit
3313 2383 3339 2424 ,
3400 2347 3681 2432 neque
3739 2316 4022 2403 labori
4077 2349 4360 2434 neque
4393 2349 4570 2434 pe·-

1713 2459 2000 2547 cuniis
2030 2459 2033 2462 ’
2040 2461 2597 2575 parcendum
2656 2490 2843 2548 esse
2902 2464 3257 2569 censui,
3318 2494 3489 2577 quo
3545 2463 3966 2550 distracta
4018 2463 4256 2550 illius
4292 2466 4569 2579 speci-

1706 2602 1959 2689 mina
1995 2605 2645 2718 recuperarem,
2687 2634 2966 2718 eaque
2993 2603 3619 2749 posterioribus
3658 2606 3882 2692 meis
3930 2606 4517 2695 subnecterem
4537 2674 4563 2715 ,

1631 2779 1639 2787 ·
1713 2779 1942 2862 quae
2000 2764 2086 2834 et
2143 2751 2342 2862 ipsa
2400 2750 2496 2834 in
2550 2749 2884 2838 actibus
2938 2749 3502 2838 Academiae
3554 2751 3938 2865 probata
3969 2816 4002 2855 ,
4036 2756 4385 2867 passim
4441 2767 4574 2869 ty-

1704 2890 1854 3004 pis
1909 2891 2449 2979 demandare
2507 2891 2876 2978 constitu
2884 2920 3158 2977 eram.

1948 3038 2128 3125 Vix
2169 3068 2477 3153 pauca
2535 3065 2736 3122 vero
2792 3065 2904 3121 ex
2962 3036 3376 3149 originali
3430 3038 3751 3151 scripto
3769 3039 4307 3154 fragmenta
4343 3039 4574 3126 mihi

1723 3197 2247 3296 supererant
2271 3246 2295 3287 ‚
2359 3209 2587 3295 quae
2644 3193 2993 3268 tantum
3032 3182 3133 3267 in
3167 3184 3654 3297 repetendis
3675 3212 3849 3296 pro
3890 3184 4317 3299 qualitate
4355 3198 4575 3273 tem-

1706 3325 1953 3441 poris
2008 3323 2390 3410 locorum
2425 3321 3273 3439 perlustrationibus
3302 3389 3329 3429 ,
3389 3324 3546 3412 ubi
3594 3324 3749 3413 ille
3784 3327 4193 3444 primum
4223 3328 4577 3445 fungo-

1725 3500 1921 3554 rum
1983 3467 2332 3582 copiam
2391 3465 2858 3580 collegerat
2885 3532 2912 3572 ,
2971 3467 3484 3580 adjumento
3537 3485 3879 3555 essent:
3965 3503 4145 3587 qua
4221 3474 4577 3587 quidem

1726 3619 1826 3701 in
1882 3647 1976 3702 re
2032 3615 2363 3715 nedum
2389 3614 2718 3726 facilis
2777 3629 2859 3699 et
2915 3629 3404 3730 opportuna
3461 3618 4008 3730 investigatio
4045 3619 4382 3723 arrisit,
4425 3619 4590 3704 sed

1725 3775 1811 3847 et
1892 3764 2115 3847 votis
2184 3761 2529 3846 uberior
2574 3759 2795 3846 mila·
2816 3763 3188 3873 fructus
3244 3761 3613 3851 occurrit
3636 3799 3673 3870 ,·
3732 3795 3947 3849 nam
4000 3762 4237 3849 ultra
4295 3764 4582 3851 maxi-

1722 3936 1977 3994 mam,
2018 3904 2608 4020 vegetantium
2650 3919 3052 4018 partem,
3131 3906 3231 3989 in
3287 3937 3555 4021 quam
3612 3908 3907 3992 animo
3962 3908 4521 3996 intendebam
4551 3974 4580 4018 ,

1723 4051 2192 4142 nonnullas
2270 4080 2616 4167 quoque
2672 4050 3010 4165 species
3060 4080 3168 4139 ac
3221 4053 3691 4140 varietates
3717 4118 3742 4159 ‚
3829 4053 4386 4171 aliorumque
4439 4058 4582 4170 af-

1695 4195 2037 4307 finium
2094 4193 2868 4310 cryptoplzytorum
2907 4192 3251 4309 copiam
3289 4194 3555 4308 coegi.
3620 4195 3910 4305 Quare
3946 4228 4121 4281 non
4161 4198 4364 4280 unis
4399 4227 4584 4282 mo-

1721 4343 1840 4428 ·do
1897 4336 2435 4454 complendis
2470 4404 2496 4444 ‚
2591 4368 2821 4452 quae
2877 4338 2972 4422 in
3027 4336 3592 4453 autographis
3677 4340 4388 4455 descriptionibus
4439 4374 4587 4431 re-

1713 4481 2285 4602 periebantur
2306 4544 2331 4586 ‚
2392 4480 2737 4568 lacunis
2758 4546 2785 4586 ‚
2843 4510 3149 4567 verum
3203 4483 3466 4567 etiam
3519 4482 3890 4600 singulis
3937 4485 4385 4602 speciebus
4425 4518 4586 4573 no·-

1729 4658 1837 4715 vo
1917 4624 2324 4714 examine
2411 4622 2984 4708 discutiendis
3059 4622 3402 4711 studere
3488 4626 3898 4739 opinatus
3976 4656 4174 4712 sum
4203 4660 4230 4709 .-
4317 4627 4584 4744 idque

1714 4783 1933 4888 post
1983 4798 2289 4857 recens
2351 4763 2589 4851 illud
2641 4764 2991 4871 lumen,
3031 4797 3207 4882 quo
3247 4768 3640 4857 Scientia
3683 4769 4016 4857 isthaec
4053 4770 4589 4887 mycologica

1598 5000 1609 5007 .
1736 4916 1842 5007 ob
1899 4912 2306 5005 assiduas
2345 4911 2970 5001 neotericorum
3026 4942 3286 5000 curas
3342 4928 3606 5000 aucta
3665 4931 3792 4999 est
3817 4951 3854 5020 ,-
3937 4946 4272 5003 necnon
4331 4918 4592 5003 addi·-
