5234 6725
1869 762 1901 866 (
1961 756 2068 841 55
2129 761 2160 865 )

584 930 1053 1019 instructis.
1116 930 1403 1018 Prima
1459 942 1734 1018 aetate
1791 960 1840 1015 e
1896 927 2230 1018 fibrillis
2285 931 2641 1042 albidis,
2701 954 3183 1027 tomentum
3223 939 3438 1028 effu-

583 1100 772 1158 sum
830 1091 1079 1158 tenue
1134 1100 1388 1184 super
1441 1069 1742 1158 eodem
1781 1071 2247 1160 sedimento
2285 1075 2656 1189 pulveris
2693 1076 3026 1165 Coffeae
3066 1079 3437 1170 efficien-

585 1215 807 1301 tibus
833 1279 860 1321 ‚
921 1232 1361 1328 emergunt
1415 1212 1731 1327 globuli
1790 1212 1990 1300 hinc
2030 1233 2113 1300 et
2150 1215 2384 1300 illinc
2437 1216 2693 1303 dense
2732 1226 3232 1329 coacervati,
3275 1226 3428 1336 qui

591 1375 776 1471 post
803 1354 1376 1441 evolutionem
1417 1353 1929 1468 receptaculi
1967 1355 2554 1443 clavaeformis
2585 1362 2674 1445 in
2705 1361 3045 1471 pileolos
3084 1363 3429 1469 abeunt,

584 1496 813 1613 quod
856 1496 1344 1584 distinctius
1380 1501 1735 1612 patescit
1775 1499 1883 1583 ab
1920 1527 2091 1583 uno
2121 1500 2427 1585 intuitu
2459 1531 2614 1614 per
2641 1505 3003 1589 vitream
3031 1505 3368 1594 lentem.
3394 1557 3436 1576 -

585 1674 640 1727 ι)
694 1643 976 1730 Pileus
1006 1644 1323 1757 passim
1361 1642 1853 1727 obliteratus
1896 1641 2059 1751 (de
2097 1640 2259 1725 hac
2290 1642 2765 1757 morphosis
2800 1647 3072 1757 specie
3112 1648 3228 1735 ita
3267 1650 3437 1737 dis-

585 1820 638 1874 »
693 1790 952 1875 seruit
995 1788 1255 1874 ans
1279 1794 1335 1898 ),
1363 1815 1589 1872 nunc
1631 1785 2207 1903 resupinatus.
2233 1842 2259 1871 .
2293 1848 2360 1892 .,
2387 1788 2733 1872 nuncin
2771 1817 3057 1877 ramos
3096 1817 3431 1878 sursum

587 1965 639 2017 n
695 1935 1203 2048 plerumque
1260 1929 1660 2018 dilatatos
1717 1930 2008 2016 abiens
2047 1994 2074 2038 ,
2134 1933 2285 2046 qui
2369 1933 2601 2018 nisus
2678 1934 3139 2048 praecipue
3219 1938 3438 2021 inter
3555 2011 3564 2018 .

585 2111 639 2165 n
695 2105 990 2188 genera
1049 2075 1160 2161 ad
1219 2074 1512 2186 fungos
1551 2072 1923 2161 clavatos
1961 2073 2441 2161 accedentia
2480 2079 2997 2164 observatur.
3038 2078 3433 2193 Utraque

585 2248 640 2303 υ
695 2217 903 2305 haec
957 2219 1380 2306 aberratio
1440 2219 1528 2303 in
1587 2217 1957 2305 formam
2013 2217 2468 2329 genuinam
2520 2216 2769 2334 facile
2810 2222 3152 2331 transit,
3190 2250 3434 2336 saepe

583 2396 638 2449 ³>
693 2393 804 2449 ex
861 2381 1132 2449 aetate
1191 2379 1278 2447 et
1333 2362 1514 2448 loco
1544 2337 1832 2446 'solum
1876 2360 2247 2475 pendens
2285 2366 2405 2472 (1)
2443 2391 2522 2446 n.
2571 2364 2907 2474 Insigne
2945 2366 3436 2479 exemplum

583 2507 827 2594 nobis
880 2507 1223 2618 praebet
1277 2506 1563 2619 Agar.
1606 2500 2003 2618 lapideus
2029 2565 2061 2607 ,
2120 2502 2273 2618 qui
2331 2518 2559 2590 totus
2615 2529 3001 2589 ramosus
3027 2568 3056 2612 ,
3115 2507 3436 2622 absque

583 2650 808 2763 pileo
865 2648 1295 2733 interdurn
1351 2676 1712 2733 crescere
1766 2645 2026 2735 solet!
2097 2644 2358 2732 Unde
2430 2648 2685 2733 modo
2766 2651 2926 2735 sub
2980 2648 3371 2737 Clavaria
3405 2717 3433 2757 ‚

588 2790 849 2877 modo
905 2794 1067 2880 sub
1123 2789 1568 2896 Ramaria,
1629 2788 1767 2874 vel
1819 2792 1974 2876 sub
2014 2790 2401 2875 Helvella
2440 2773 2765 2904 aliquot
2800 2791 3101 2902 egregii
3145 2820 3439 2909 myco-

584 2938 748 3051 logi
803 2968 1000 3025 eum
1057 2966 1508 3052 perperam
1567 2937 2087 3024 collocavere
2141 2940 2290 3045 (2).

807 3224 1105 3311 Arm.
1143 3270 1190 3289 -
1246 3252 1299 3307 ³>
1358 3223 1655 3333 Fungo
1711 3251 2091 3327 ramoso,
2168 3223 2556 3311 maximo
2582 3284 2611 3329 ‚
2688 3223 2995 3337 pileolo
3073 3224 3441 3342 desuper

590 3369 863 3481 griseo
892 3434 918 3476 ‚
981 3368 1307 3456 inferne
1364 3366 1732 3452 lamellis
1762 3432 1789 3476 ,
1848 3387 1931 3453 et
1987 3365 2474 3477 lanuginoso
2512 3364 2904 3480 pediculo
2943 3370 3198 3456 albis.
3225 3432 3245 3454 .
3274 3436 3293 3458 .
3327 3437 3349 3461 .
3376 3408 3429 3461 2>

582 3515 858 3600 ΜῑσΗ.
924 3529 1278 3598 externa
1335 3513 1550 3599 facie
1605 3508 2246 3624 quodammodo
2300 3508 2600 3596 similis
2659 3509 2808 3620 (5).
2851 3507 3425 3622 Distinguitur

586 3661 767 3747 loco
826 3654 1146 3757 natali,
1207 3651 1516 3764 figura,
1577 3650 2197 3764 magnitudine3
2256 3669 2514 3762 atque
2572 3649 3088 3765 praesertim
3153 3654 3267 3738 ab
3331 3684 3435 3739 eo

591 3792 1067 3916 discrepat,
1125 3800 1328 3914 quia
1385 3816 1509 3882 est
1565 3796 2066 3910 caespitosus
2093 3858 2120 3900 ‚
2183 3813 2265 3879 et
2320 3794 2725 3903 minime,
2784 3795 2876 3879 in
2929 3815 3154 3888 statu
3231 3827 3434 3884 nor-

589 3948 844 4054 mali,
903 3944 1174 4056 stipite
1235 3970 1567 4027 ramoso
1625 3966 1724 4024 ac
1785 3936 2005 4052 pileo
2064 3936 2427 4051 desuper
2485 3941 2755 4050 griseo
2811 3937 3148 4049 gaudet.

812 4242 1048 4329 Hm.
1074 4285 1116 4300 -
1150 4235 1474 4340 Nemo,
1532 4248 1951 4346 quantum
2007 4228 2261 4314 sciam
2292 4290 2316 4330 ,
2377 4224 2484 4310 de
2540 4222 2705 4309 hac
2753 4224 3025 4338 specie
3085 4229 3444 4311 mentio·

583 4474 3441 4528 --’------.ῌ----

746 4647 839 4733 (ι)
877 4647 1035 4731 Syst.
1073 4666 1237 4731 myc.
1275 4644 1411 4707 vol.
1433 4644 1490 4722 1,
1532 4662 1666 4727 pag.
1696 4642 1754 4703 3.
1790 4640 1961 4704 Ordo
1985 4643 2036 4705 1.
2078 4640 2347 4722 Pileau',
2390 4655 2450 4706 et
2489 4661 2630 4727 pag.
2659 4644 2806 4718 461.
2847 4642 3018 4708 Ordo
3041 4642 3119 4706 11.
3166 4643 3440 4708 Choaei.

590 4763 738 4826 Stat.
781 4762 969 4823 aberr.
1012 4773 1072 4820 et
1108 4757 1340 4821 Affinit.

755 4874 846 4960 (2)
887 4875 1062 4937 conf.
1104 4872 1189 4939 id.
1231 4894 1331 4956 op.
1370 4873 1492 4935 Fa.
1523 4869 1651 4935 vol.
1682 4872 1742 4950 1,
1772 4893 1909 4956 pag.
1944 4871 2085 4954 176,
2128 4891 2311 4933 num.
2351 4872 2418 4932 8.

751 4983 845 5070 (3)
886 4985 1045 5050 Nov.
1075 4984 1264 5069 plant.
1289 5003 1428 5067 gen.
1454 5003 1593 5068 pag.
1631 4999 1767 5065 190,
1796 4981 1920 5046 tab.
1952 5001 2064 5066 79,
2096 4981 2204 5066 fig.
2237 5000 2302 5045 ι.
