5234 6725
1844 742 1905 797 Χ

1722 880 1984 1000 h'ujus
2021 888 2143 976 rei
2178 883 2458 974 studio
2512 883 2930 973 instructis
2969 911 3144 971 non
3180 909 3373 973 raro
3412 881 3803 998 facessit3
3859 890 4348 1000 praesertim
4388 920 4585 980 cum

1720 1030 1953 1116 nullo
2009 1029 2267 1117 modo
2321 1027 2731 1117 asservari
2774 1092 2801 1133 ,
2863 1044 3013 1113 aut
3067 1043 3294 1112 certo
3352 1044 3733 1138 tempore
3789 1029 4302 1144 assuetisque
4358 1063 4584 1121 sem·

1716 1204 1870 1287 per
1927 1174 2129 1259 locis
2184 1172 2534 1286 reperiri
2588 1169 2699 1256 ad
2756 1171 3059 1256 curiosi
3118 1170 3596 1258 scrutatoris
3650 1189 3971 1259 nutum
4026 1175 4337 1287 possint
4371 1241 4399 1283 ‚
4471 1181 4581 1264 ob

1726 1323 1927 1407 anni
1984 1315 2592 1407 vicissitudines
2617 1351 2649 1442 3,
2728 1312 3107 1430 adeoque
3173 1344 3279 1401 ne
3335 1312 3448 1401 ad
3502 1332 3976 1403 constantes
4031 1317 4374 1432 quidem
4433 1323 4586 1409 ob-

1728 1467 2243 1553 servationes
2280 1480 2792 1575 mutuasque
2830 1460 3491 1577 comparationes
3513 1459 4063 1548 instituendas
4088 1466 4337 1574 exigi.
4361 1466 4584 1554 Hinc

1727 1611 2054 1697 factum
2112 1608 2276 1695 fuit
2315 1670 2348 1712 ,
2405 1625 2505 1692 ut
2556 1603 2815 1722 pauci
2876 1602 2981 1689 de
3037 1600 3334 1689 iisdem
3388 1624 3773 1691 accurate
3831 1605 4370 1723 scripserint3
4432 1641 4576 1700 eo-

1729 1786 1899 1871 que
1965 1756 2095 1841 usi
2152 1753 2464 1840 fuerint
2548 1781 2721 1837 non
2773 1748 2943 1839 levi
2998 1747 3274 1835 studio
3311 1813 3339 1855 ,
3428 1746 3719 1837 arduis
3790 1751 4011 1835 curis
4052 1815 4079 1856 ,
4170 1751 4578 1844 diuturna

1726 1898 2186 1986 constantia
2224 1924 2323 1983 ac
2357 1922 2697 1982 summa
2750 1892 3103 2000 virtute,
3145 1891 3456 2006 quibus
3509 1892 3900 1978 omnibus
3955 1892 4164 1982 haec
4218 1897 4342 1982 rei
4378 1897 4575 1987 fun-

1723 2045 1999 2155 gariae
2054 2039 2550 2156 perquisitio
2605 2038 2925 2151 indiget
2966 2100 2992 2143 ‚
3055 2054 3154 2122 ut
3210 2032 3322 2121 ad
3377 2039 3705 2125 exitum
3760 2034 4311 2152 perducatur.

1948 2193 2199 2280 Nunc
2254 2189 2504 2303 igitur
2557 2185 2778 2273 hanc
2834 2214 2988 2297 ego
3043 2185 3573 2297 provinciam
3627 2201 3750 2271 tot
3804 2185 4150 2273 salebris
4205 2189 4572 2278 circum-

1722 2354 2049 2452 septam
2118 2362 2274 2448 pro
2328 2331 2651 2419 viribus
2708 2325 3042 2441 aggredi
3108 2326 3525 2414 conabor:
3599 2327 3860 2445 idque
3923 2357 4097 2414 non
4166 2333 4326 2417 nisi
4381 2353 4568 2447 post

1721 2479 2081 2580 aliorum
2136 2477 2526 2563 virorum
2579 2470 2995 2558 absolutas
3059 2489 3320 2584 atque
3377 2468 3979 2555 eruditissimas
4035 2472 4575 2563 exercitatio-

1720 2653 1865 2708 nes
1892 2685 1919 2729 ,
1980 2619 2359 2706 maxime
2412 2635 2602 2731 post
2663 2615 2884 2722 illas,
2966 2642 3181 2728 quas
3238 2612 3690 2701 novissime
3733 2612 3854 2702 ill.
3899 2610 4443 2704 Puasoomus
4496 2639 4577 2705 et

1716 2765 2150 2870 Fntnsms,
2181 2788 2554 2877 quarum
2582 2759 2900 2846 titulus:
2932 2757 3357 2876 Synopsis
3384 2754 3878 2845 methodica
3891 2757 4403 2874 fungorum
4430 2767 4503 2870 (ι
4518 2768 4577 2873 ),

1720 2906 2239 3023 Λζγσοίοὸήα
2296 2932 2737 3020 eut-opaea
2789 2908 2905 3015 (2)
2925 2965 2955 3006 ,
3014 2901 3421 3015 Systema
3459 2900 4097 3016 mycologicum
4164 2906 4281 3016 (3)
4305 2968 4334 3011 ,
4394 2924 4566 2993 tam

1719 3051 2073 3163 copiosis
2127 3078 2227 3135 ac
2272 3043 2666 3132 dilucidis
2727 3042 3083 3129 inventis
3140 3040 3590 3129 instructas
3645 3041 4107 3130 exhibuere
4136 3107 4163 3149 ‚
4219 3063 4319 3131 ut
4355 3045 4574 3135 nihil

1718 3190 2081 3302 amplius
2135 3183 2607 3301 optandum
2647 3181 3080 3269 videretur
3114 3186 3261 3294 (4).
3306 3181 3739 3287 Quoniam
3799 3202 4081 3273 tamen
4121 3185 4359 3273 ferax
4396 3188 4572 3276 Na-

1668 3303 1677 3316 ’
1717 3350 1963 3419 turae
2017 3357 2243 3443 penu
2272 3392 2301 3435 ‚
2361 3344 2457 3411 ut
2492 3353 3054 3443 unaquaeque
3091 3328 3314 3437 regio
3368 3324 3661 3439 fungos
3715 3329 4136 3446 quosdam
4189 3331 4566 3444 peculia-

1716 3504 1849 3561 res
1890 3539 1916 3579 ‚
1994 3491 2077 3558 et
2131 3469 2763 3588 quodammodo
2829 3470 2991 3557 sibi
3047 3469 3439 3586 proprios
3493 3472 3666 3558 alat
3707 3535 3733 3578 ‚
3804 3476 4296 3589 praesertim
4366 3498 4566 3564 cum

1716 3619 1923 3704 haec
1978 3635 2257 3702 nostra
2298 3680 2324 3723 ‚
2386 3645 2606 3732 quae
2665 3646 2815 3730 pro
2851 3613 3344 3728 hujusmodi
3398 3616 3675 3704 studio
3703 3681 3732 3725 ,
3793 3621 3881 3706 ni
3933 3649 4074 3707 me
4111 3620 4570 3733 fallat-opi-

1879 3920 1973 4005 (1)
2013 3921 2334 4005 Gottingae
2358 3968 2378 4000 ,
2427 3922 2607 3988 1801.

1870 4034 1969 4119 (2)
2006 4033 2315 4118 Erlmgae
2336 4079 2357 4113 ,
2399 4037 2768 4102 1822-1828.

1876 4147 1968 4231 (3)
2008 4146 2548 4232 Gryphiuwaldiee
2574 4193 2594 4225 ,
2643 4148 3005 4213 1821-1830.

1870 4257 1965 4340 (4)
2002 4256 2294 4335 Quamvis
2316 4304 2336 4334 ‚
2390 4272 2461 4318 ut
2496 4259 2654 4321 infra
2692 4258 3020 4322 dicendum
3040 4303 3063 4338 ,
3125 4260 3404 4325 laudatos
3442 4263 3754 4348 scriptores
3791 4266 4032 4349 sequuti
4072 4286 4280 4330 sumus
4303 4315 4325 4348 ,
4371 4290 4571 4356 saepe-

1706 4393 1952 4438 numero
1991 4393 2235 4457 quoque
2274 4371 2422 4435 alio·
2462 4386 2692 4437 veteres
2750 4373 3231 4457 recentioresque
3290 4374 3594 4438 adivimus
3619 4420 3640 4454 ,
3701 4379 4052 4461 praesa-tim
4094 4368 4204 4461 ‹1’ui
4244 4382 4308 4444 in
4346 4382 4466 4446 hec
4503 4406 4572 4450 re

1708 4486 1981 4569 fungaris
2003 4530 2023 4562 ,
2063 4485 2158 4546 uti
2186 4485 2542 4561 Eoum»,
2582 4484 2680 4546 Da
2707 4485 3043 4550 cumeum
3070 4527 3091 4555 ‚
3129 4486 3325 4566 Nm,
3356 4486 3689 4570 Sownn,
3721 4492 4009 4571 Bomos,
4050 4493 4334 4573 Pura-r,
4364 4496 4571 4561 Tur·

1714 4620 2020 4677 numm,
2071 4600 2356 4677 Bae-recu,
2418 4598 2764 4677 Semnan,
2804 4597 3020 4679 Lucu,
3063 4597 3377 4681 Savum-⁸,
3419 4598 3847 4685 Fsmme,
3887 4605 4227 4691 umam,
4265 4608 4568 4690 Rcom,

1712 4713 2045 4778 vinum·
2075 4758 2095 4790 ,
2157 4713 2495 4775 nimau
2520 4757 2540 4789 ,
2599 4712 2873 4776 mcum
2897 4760 2918 4794 ,
2980 4714 3326 4778 Anu-met
3352 4760 3375 4795 ,
3415 4714 3689 4782 me
3706 4764 3728 4801 ,
3788 4717 4136 4784 Vri-mm
4158 4767 4180 4802 ‚
4223 4721 4519 4786 me
4539 4768 4562 4799 ‚

1713 4839 1894 4909 atque
1934 4838 2002 4885 ut
2027 4822 2246 4886 alteros
2284 4839 2654 4909 promotores
2692 4838 2920 4893 taceam
2938 4870 2959 4907 ‚
3001 4824 3295 4911 majorem
3313 4825 3728 4898 celebritatem
3768 4829 3972 4918 adepti
4008 4845 4152 4901 sunt
4175 4876 4199 4915 ,
4241 4834 4568 4917 majorem-

1712 4957 1834 5019 que
1874 4935 2061 5001 fidem
2100 4953 2426 5003 merentur.

1836 5262 1873 5275 “
