5234 6725
2795 749 3137 855 (122)

1535 925 2040 1034 distinctae3
2106 953 2256 1010 nec
2282 988 2312 1028 ,
2372 923 2642 1010 veluti
2702 924 2790 1008 in
2850 925 3131 1040 specie
3188 922 3535 1038 typica,
3601 953 3650 1005 ))
3712 923 4027 1036 postice
4090 923 4377 1038 utplu-

1530 1068 1851 1152 rimum
1912 1068 2411 1152 reticulatim
2472 1089 2907 1151 connexae
2967 1097 3019 1150 ³>
3078 1068 3196 1174 (1)
3240 1131 3266 1174 ,
3323 1083 3410 1151 at
3468 1066 3687 1150 inter
3743 1096 3830 1152 se
3888 1096 4223 1180 semper
4278 1069 4377 1151 li-

1531 1209 1808 1294 berae.
1875 1210 2162 1322 Stipes
2227 1239 2262 1293 1
2331 1237 2517 1295 unc.
2573 1210 2872 1323 longus
2898 1275 2928 1316 ,
2990 1227 3075 1295 et
3114 1210 3470 1298 totidem
3511 1237 3895 1318 crassus,
3938 1213 4121 1298 basi
4185 1232 4379 1298 tan-

1531 1373 1718 1439 tum
1780 1354 2314 1441 subvillosus.
2378 1355 2599 1442 Caro
2659 1353 3008 1463 fibrosa,
3070 1356 3766 1471 aquoso-albida,
3808 1355 4069 1444 odore
4104 1379 4369 1468 grata,

1535 1498 2091 1615 sapidissima.
2129 1500 2647 1588 -Facillime
2708 1502 2843 1587 hic
2903 1503 3219 1617 fungus
3276 1503 3741 1590 exsiccatur
3778 1566 3804 1607 ‚
3858 1477 4035 1618 quo
4095 1520 4377 1607 statu,

1533 1665 1631 1729 ut
1686 1648 2194 1733 rusticorum
2251 1652 2513 1734 moris
2570 1649 2937 1762 pro'esu
2993 1666 3113 1732 est
3143 1714 3169 1753 ,
3231 1650 3557 1734 servari
3615 1647 3847 1734 solet.

1758 1793 1976 1878 Cum
2069 1820 2243 1875 var.
2302 1795 2393 1888 β.
2458 1797 2738 1908 Agar.
2799 1793 3128 1908 saligni
3182 1794 3433 1880 PERs.
3527 1801 3561 1900 (
3615 1795 3822 1903 Syn.
3888 1793 4121 1902 sung.
4185 1821 4373 1903 pag.

1538 1932 1853 2044 478),
1945 1959 2250 2045 nempe
2335 1935 2613 2046 Agar.
2672 1927 3131 2048 fuliginae
3217 1932 3479 2044 ejusd.
3565 1935 3850 2043 (Obs.
3936 1963 4163 2048 myc.
4231 1935 4308 2018 Π
4354 2000 4376 2039 ,

1535 2103 1728 2189 pag.
1794 2074 1900 2176 45
1963 2081 1992 2184 )
2049 2074 2384 2160 videtur
2457 2074 2743 2186 aliqua
2797 2074 3170 2185 gaudere
3227 2074 3626 2163 affinitate
3658 2138 3688 2180 ,
3751 2072 3900 2160 sed
3967 2072 4076 2160 ab
4133 2103 4385 2161 accu-

1535 2239 1720 2302 rata
1777 2215 2354 2328 disquisitione
2397 2213 2762 2302 dilucide
2823 2231 3050 2329 patet
3105 2215 3558 2305 discrimen
3574 2253 3602 2318 3
3660 2247 3861 2305 nam
3903 2237 4186 2304 nostra
4228 2249 4385 2302 va-

1533 2362 1788 2460 rietas
1871 2385 2251 2470 unquam
2309 2357 2632 2469 pileum
2724 2359 3002 2470 primo
3080 2361 3632 2476 pulvinatum
3690 2363 4024 2448 laevem
4070 2426 4094 2467 ,
4183 2360 4382 2445 dein

1536 2502 1769 2585 disco
1850 2499 2326 2610 depressum
2410 2518 2492 2584 et
2557 2501 3160 2612 substrigosum
3197 2567 3228 2610 ‚
3308 2503 3687 2589 lamellas
3774 2505 4307 2589 subramosas
4355 2571 4380 2608 ,

1542 2673 1770 2729 nunc
1850 2644 2174 2729 albidas
2272 2675 2497 2731 nunc
2567 2644 2849 2731 dilute
2907 2646 3287 2731 cinereas
3328 2710 3354 2752 ,
3416 2648 3965 2762 stipitemque
4036 2650 4379 2731 omnino

1538 2802 2112 2872 tomentosum
2171 2788 2421 2872 habet
2480 2795 2625 2898 (2).

2206 3061 2743 3123 ICONUM
2841 3063 3710 3126 EXPLICATIO.

1548 3410 1767 3494 ΤΑΒ.
1829 3411 2082 3496 XLV
2123 3474 2145 3512 ,
2197 3410 2352 3522 fig.
2426 3440 2487 3494 ι.
2559 3404 2924 3495 Pusillus
2982 3407 3536 3521 fungulorum
3622 3438 3957 3522 caespes
4043 3402 4393 3517 hujusce

1767 3551 2262 3653 varietatis,
2325 3547 2478 3632 vix
2532 3568 2590 3629 'a
2651 3546 2984 3632 corticis
3041 3547 3400 3635 frustulo
3455 3568 3714 3634 ortus.

1685 3755 1702 3776 .
1734 3754 1752 3776 .
1809 3757 1831 3792 ‚
1866 3694 2042 3808 fi'g.
2108 3723 2184 3777 2.
2272 3690 2515 3778 Idem
2596 3716 2931 3801 caespes
3006 3692 3368 3821 perfecie
3428 3710 3818 3777 maturus
3848 3756 3874 3796 ,
3942 3688 4091 3774 sed
4145 3704 4401 3773 natu-

1787 3836 1939 3920 rali
2001 3835 2221 3918 mole
2275 3822 2567 3946 paullo
2626 3828 2910 3918 minor
2943 3898 2968 3939 ‚
3029 3849 3111 3917 et
3167 3831 3377 3918 facie
3432 3831 3713 3918 antica
3775 3835 4030 3917 visus.

1683 4044 1702 4066 .
1739 4050 1757 4065 .
1811 4045 1833 4083 ,
1870 3981 2044 4095 fig.
2113 3981 2198 4065 3.
2288 3977 2848 4063 Individuum
2938 4008 3086 4091 per
3166 3978 3566 4063 verticem
3630 3994 4011 4079 sectum,
4076 3973 4223 4058 ubi
4280 3968 4405 4057 la-

1784 4126 2230 4212 mellarum
2294 4155 2393 4211 ac
2448 4120 3080 4211 lamellularum
3119 4120 3394 4208 forma
3426 4188 3449 4226 ‚
3496 4150 3829 4207 necnon
3872 4120 4159 4205 carnis
4197 4147 4406 4203 con-

1787 4288 2066 4352 textus
2127 4269 2588 4382 praecipue
2648 4268 3055 4354 cernitur.

1722 4603 1811 4686 (1)
1854 4603 2028 4665 Conf.
2090 4608 2303 4679 Agar.
2344 4606 2600 4666 ostreau‘
2641 4607 2813 4678 hoq.
2856 4604 3129 4688 descript.
3172 4618 3235 4666 et
3289 4605 3509 4688 pictur.
3570 4605 3631 4665 in
3664 4605 3965 4689 praesenti
4007 4599 4402 4685 Specinine2

1559 4733 1693 4795 pag.
1741 4717 1854 4777 116
1886 4759 1904 4789 ‚
1949 4712 2071 4775 tab.
2110 4713 2336 4776 xLlll.

1707 4823 1809 4905 (a)
1877 4822 2014 4884 Vid.
2058 4826 2238 4885 etiam
2279 4826 2440 4907 Syst.
2482 4848 2642 4909 myc.
2684 4826 2970 4905 Fmssm,
3020 4827 3152 4891 vol.
3196 4832 3268 4906 1,
3333 4847 3469 4910 pag·
3520 4829 3680 4897 183.-
3722 4842 3892 4887 num·
3944 4845 4018 4884 ¹0
4044 4871 4060 4899 2
4106 4837 4164 4882 Εἴ
4205 4820 4408 4904 EPicr·

1560 4941 1700 5015 synt.
1727 4912 1911 5015 'mym
1954 4950 2091 5017 pag.
2139 4935 2252 4995 133
2277 4981 2295 5011 ,
2345 4954 2512 4997 num.
2557 4936 2695 5009 boa.
