5234 6725
1798 751 1900 808 vt

1689 928 1748 984 a
1802 897 2188 1000 secretis,
2261 897 2432 984 IX.
2497 897 2967 984 Kalendas
3025 893 3358 984 Marte'i
3431 899 3725 984 exacti
3778 896 4000 983 anni
4063 898 4300 999 1846
4317 965 4340 1004 ‚
4402 901 4541 987 di·-

1690 1039 2098 1125 stinctam
2157 1069 2218 1123 a
2272 1068 2413 1125 me
2467 1037 2580 1124 de
2638 1037 2975 1155 triplici
3009 1036 3480 1152 praedicto
3529 1037 3945 1155 parentis
4032 1040 4208 1126 mei
4261 1044 4542 1155 speci-

1691 1189 1932 1273 mine
1990 1188 2417 1272 rationem
2432 1185 2657 1298 jugi
2709 1184 2989 1299 officio
3028 1183 3637 1299 expostulabat
3661 1219 3686 1268 .·
3744 1186 4005 1299 cujus
4035 1187 4545 1299 gratissimis

1672 1328 1977 1450 jussis¹
2023 1328 2193 1414 cito
2246 1326 2851 1443 obtemperans
2877 1393 2904 1437 ,
2963 1328 3318 1416 totidem
3376 1343 3841 1415 enarratas
3900 1328 4546 1415 vicissitudines

1691 1470 2222 1587 singillatim
2277 1472 2594 1588 aperui
2623 1540 2653 1579 ,
2715 1485 2811 1557 ut
2866 1486 2948 1556 et
3000 1475 3192 1588 ipse
3243 1473 3519 1562 socios
3574 1501 3685 1557 ea
3742 1471 3854 1557 de
3909 1505 4003 1560 re
4061 1486 4548 1586 opportune

1691 1618 2174 1702 instrueret.
2238 1617 2494 1705 IIinc
2550 1617 2851 1733 itaque
2875 1617 3250 1728 factum
3306 1630 3433 1702 est
3472 1679 3497 1721 ‚
3565 1632 3666 1701 ut
3736 1618 3930 1703 Vos
3973 1680 3999 1721 ,
4061 1615 4551 1702 doctissimi

1696 1763 1867 1852 viri
1892 1829 1919 1869 ,
1980 1765 2202 1851 inita
2259 1762 2638 1848 sessione
2695 1762 2967 1851 XVI.
3028 1758 3495 1849 Kalendas
3553 1761 4085 1876 insequentis
4146 1760 4545 1878 Aprili‘s‘,

1697 1942 1805 1998 ea
1816 1911 2161 2025 judicii
2197 1907 2594 1997 libertate
2645 1909 3088 2027 quidquid
3118 1909 3249 1993 ad
3283 1911 3918 1994 incrementum
3975 1908 4546 1994 scientiarum

1699 2057 2035 2171 confert
2074 2057 2584 2172 prosequuti
2614 2122 2639 2162 ‚
2702 2088 2926 2171 quae
2982 2056 3232 2143 elatis
3288 2055 3674 2169 ingeniis
3728 2056 4128 2169 congrait
4165 2119 4188 2160 ,
4252 2053 4547 2139 decre-

1704 2205 1987 2305 vistis,
2050 2218 2239 2290 tum
2278 2201 2859 2318 niycologicas
2899 2203 3310 2317 parentis
3350 2200 4000 2288 dissertationes
4037 2205 4267 2287 inter
4301 2206 4407 2289 A
4408 2231 4559 2286 ca-

1705 2348 2050 2435 demiae
2130 2364 2334 2436 acta
2398 2348 2778 2434 inserere
2801 2413 2828 2452 ‚
2933 2365 3118 2435 tum
3190 2347 3639 2462 impensas
3705 2376 3764 2431 a
3822 2378 3962 2434 me
4018 2377 4285 2435 curas
4341 2381 4560 2435 mer·

1709 2496 1919 2582 cede
1974 2492 2280 2607 aliqua
2336 2485 2821 2577 cumulare.

1950 2641 2145 2752 Quo
2201 2638 2668 2723 novissimo
2734 2636 3205 2751 singularis
3286 2636 3929 2725 benevolentiae
3985 2669 4092 2725 ac
4146 2637 4558 2725 humani-

1712 2786 1917 2871 tatis
1971 2782 2261 2897 officio
2332 2780 2766 2868 adductus
2787 2846 2811 2883 ,
2842 2769 3162 2892 fateor
3186 2846 3211 2887 ‚
3293 2778 3673 2866 Sodales
3745 2780 4492 2893 praestantissimi
4531 2842 4558 2885 ,

1711 2952 1852 3010 me
1909 2925 2336 3039 majorem
2393 2922 2575 3010 vim
2631 2935 2895 3038 atque
2948 2922 3361 3009 virtutem
3417 2922 3801 3036 cepisse,
3859 2935 3957 3007 ut
4012 2951 4238 3037 opus
4295 2953 4565 3038 expe-

1716 3071 1993 3160 direm
2025 3134 2054 3175 ,
2135 3070 2392 3183 cujas
2468 3070 2890 3182 originem
2973 3081 3059 3153 et
3113 3072 3346 3156 vices
3426 3067 3878 3154 narrando
3941 3099 3990 3151 n
4045 3069 4561 3157 reviviscere

1718 3249 1769 3299 n
1809 3229 2170 3330 patrem
2202 3196 2218 3211 ⁶
2251 3212 2397 3300 liic
2455 3242 2608 3327 ego
2668 3242 2964 3299 meum
3046 3211 3286 3298 volui
3329 3277 3353 3317 ‚
3442 3214 3704 3328 quasi
3781 3243 4037 3300 suum
4092 3244 4302 3330 erga
4369 3219 4553 3301 Vos

1718 3395 1770 3445 υ
1826 3361 2212 3466 cultum,
2268 3389 2704 3475 suumque
2747 3361 2992 3475 grati
3041 3361 3323 3446 animi
3370 3363 3814 3475 specimen
3856 3333 4029 3477 pro
4083 3362 4397 3448 vestris
4453 3365 4551 3448 in

1723 3541 1773 3592 n
1830 3535 1971 3591 me
2026 3504 2358 3592 meritis
2396 3506 2969 3619 referentem:
3056 3504 3332 3611 volui,
3399 3520 3496 3592 ut
3550 3538 3648 3592 eo
3705 3509 4082 3593 extincto
4140 3507 4248 3595 id
4280 3510 4569 3623 ipsum

1726 3683 1775 3735 »
1834 3650 2368 3765 intelligatis,
2405 3651 2645 3764 quod
2665 3651 3057 3737 candida
3096 3680 3299 3738 voce
3327 3651 3575 3740 vivus
3584 3653 3963 3762 fecisset
4002 3685 4193 3737 ».--
4215 3657 4321 3740 V
4300 3651 4557 3738 alete.

2013 3927 2229 4025 Neap.
2277 3930 2367 4000 V.
2421 3929 2584 4002 Kal.
2633 3932 2961 4029 Augusti,

2158 4076 2226 4134 Μ
2278 4078 2781 4140 Dccc.xLV11.
