5234 6725
2958 772 3300 879 (100)

1708 963 1939 1032 terra
2029 944 2289 1031 semel
2372 943 2567 1054 legi.
2663 940 3155 1055 Specimina
3236 937 3753 1054 plerumque
3850 936 4238 1048 gregaria
4284 1003 4309 1042 ‚
4412 936 4558 1023 sed

1710 1088 2176 1202 aliquando
2232 1084 2607 1173 solitaria
2666 1102 2813 1170 aut
2869 1084 3530 1197 subcaespitosa.
3591 1080 3948 1168 Noxius.

1924 1343 2131 1427 Ons.
2160 1391 2199 1405 -
2227 1340 2541 1427 Pileus
2599 1356 2714 1452 -;-·
2749 1367 2794 1423 2
2858 1368 3049 1425 unc.
3106 1339 3331 1426 latus
3359 1401 3391 1441 ,
3477 1337 3864 1450 margine
3939 1335 4190 1423 valde
4257 1339 4491 1422 tenui
4525 1403 4551 1443 ‚

1694 1488 2051 1596 integro.
2111 1479 2591 1569 Lamellae
2644 1481 3382 1585 subventricosae‚
3443 1481 3765 1568 liberae
3792 1542 3821 1585 ,
3882 1481 4202 1594 postice
4259 1498 4557 1565 rotun-

1693 1623 1966 1710 datae.
2060 1621 2355 1737 Stipes
2383 1686 2410 1727 ‚
2499 1639 2844 1735 praeter
2895 1621 3224 1735 apicem
3252 1685 3284 1725 ,
3343 1619 3649 1706 rariori
3709 1649 3805 1707 ac
3861 1621 4243 1709 breviori
4301 1621 4493 1706 lana
4525 1683 4551 1722 ,

1696 1795 1966 1884 quam
2024 1768 2116 1853 in
2176 1766 2458 1878 pileo,
2523 1763 2948 1851 obductus
2976 1798 3003 1863 3
3060 1764 3503 1880 aequalis,
3562 1765 3744 1851 fere
3799 1782 4135 1868 rectus,
4184 1793 4321 1850 1-2
4363 1795 4563 1852 unc.

1691 1915 1996 2023 longus
2030 1978 2056 2019 ‚
2154 1940 2284 1997 1-1
2354 1919 2407 2015 {-
2464 1911 2614 1997 lin.
2675 1939 2999 1997 crassus
3028 1927 3097 2015 ,'
3144 1908 3644 2020 fragillimus
3682 1973 3711 2016 ,
3796 1908 3908 1993 ad
3963 1928 4298 1996 tactum
4349 1938 4558 1996 vero

1696 2059 2145 2157 elasticus3
2199 2057 2386 2141 basi
2445 2056 2976 2167 perexilibus
3032 2053 3439 2141 radiculis
3495 2073 3870 2142 ornatus.
3941 2059 4051 2141 V
4034 2053 4272 2142 elam
4326 2087 4558 2145 mar·

1695 2197 1969 2308 ginale
2002 2260 2032 2297 ,
2120 2196 2797 2308 fugacissimum.
2866 2194 3111 2283 Odor
3184 2196 3316 2282 sui
3372 2198 3756 2306 generis,
3812 2199 3963 2311 qui
4023 2197 4555 2310 pituitariam

1697 2341 2180 2446 titillando‚‘
2223 2355 3002 2425 sternutamentum
3043 2358 3387 2444 movet,
3449 2357 3550 2422 ut
3606 2357 3830 2426 recte
3886 2344 4288 2453 exposuit
4346 2372 4554 2428 ocu-

1691 2484 2149 2569 latissimus
2203 2485 2747 2572 MomAan.

1920 2624 2319 2712 Tandem
2393 2627 2692 2739 Agar.
2759 2627 3225 2714 echinata-s
3281 2627 3608 2712 Ronm
3664 2634 3697 2737 (
3754 2630 3947 2718 Cat.
4013 2626 4148 2733 11,
4210 2632 4385 2715 tab.
4435 2661 4488 2747 9
4521 2696 4548 2737 ‚

1690 2765 1828 2875 fig.
1922 2795 1954 2848 1
2003 2768 2035 2869 )
2099 2764 2238 2847 vel
2262 2764 3172 2880 fumoso-purpureus
3226 2766 3584 2852 LAscun
3643 2767 3799 2872 (in
3838 2766 4089 2852 Linn.
4133 2783 4347 2853 tom.
4386 2769 4546 2875 111,

1691 2932 1883 3017 pag.
1947 2923 2113 3007 420
2155 2908 2226 3010 ),
2284 2904 2685 3017 quamvis
2740 2934 2793 2992 a
2846 2905 3260 3014 gallicano
3312 2908 3728 3020 scriptore
3789 2908 3879 2994 in
3933 2907 4551 2996 dubitationem

1690 3044 2108 3148 adducti,
2196 3045 2443 3156 longe
2526 3071 2731 3132 vero
2806 3044 3273 3133 deflectunt
3350 3046 3460 3132 ab
3518 3048 3806 3162 Agar.
3863 3076 4275 3159 oxyosmo
4306 3113 4332 3151 ‚
4391 3079 4550 3162 pro

1691 3190 1898 3303 pilei
1975 3219 2074 3274 ae
2159 3188 2709 3276 lamellarum
2766 3189 3048 3278 colore
3078 3255 3106 3296 ,
3171 3191 3482 3306 stipitis
3537 3190 3808 3278 forma
3840 3257 3869 3299 ,
3925 3192 4479 3306 pubescentia
4518 3259 4544 3297 ‚

1693 3335 1878 3420 loco
1935 3333 2255 3437 natali,
2319 3350 2406 3417 et
2459 3333 2959 3446 praesertim
3018 3364 3175 3448 pro
3214 3334 3849 3423 characteribus
3884 3335 4256 3421 tribuum
4272 3368 4302 3433 3
4342 3340 4549 3447 quia

1686 3476 1999 3588 species
2077 3475 2291 3559 haec
2377 3473 2486 3559 ad
2573 3475 3079 3588 Psathyram
3116 3542 3143 3582 ‚
3213 3476 3407 3563 illae
3436 3542 3466 3582 ,
3543 3483 3668 3566 uti
3728 3511 3777 3564 e
3833 3479 4548 3595 descriptionibus

1687 3636 1926 3729 patet
1961 3682 1987 3722 ‚
2049 3615 2160 3703 ad
2219 3614 2718 3702 Psalliotam
2771 3619 3232 3733 pertinent.

2444 3858 2927 3919 ICONUM
3022 3818 3831 3932 EXPLIGATto}

1683 4170 1908 4258 ΤΑΒ.
1972 4171 2386 4285 XXVII,
2416 4178 2595 4295 fig.
2667 4184 2745 4266 3.
2780 4184 2995 4272 Tria
3024 4183 3484 4272 individua
3519 4215 3673 4299 per
3711 4191 3995 4276 varios
4036 4133 4543 4275 evolutionis

1902 4315 2212 4419 gradus
2268 4316 2628 4432 depicta.

1693 4517 1711 4536 .
1748 4519 1769 4543 .
1804 4519 1826 4540 .
1861 4520 1881 4540 .
1922 4518 1951 4561 ,
1987 4458 2162 4573 fig.
2230 4477 2329 4560 4.
2395 4467 2745 4575 Fungus
2801 4468 3089 4555 adhuc
3146 4420 3731 4583 immaturus,
3803 4474 3914 4563 ad
3967 4478 4543 4589 perpendicu-

1899 4600 2078 4685 lum
2136 4602 2576 4695 dissectus.

1688 4806 1707 4826 .
1750 4803 1769 4826 .
1805 4803 1885 4830 ..
1925 4807 1956 4847 ,
1989 4745 2162 4860 fig.
2230 4749 2316 4832 5.
2382 4751 2672 4838 Portio
2726 4753 2927 4869 pilei
2985 4786 3160 4844 una
3216 4789 3423 4849 cum
3480 4764 3780 4881 stipite
3850 4763 4227 4855 fistuloso
4296 4766 4540 4881 paul-
4650 4863 4665 4876 ,

1913 4883 2187 4972 lulum
2243 4911 2496 4979 aucta
2530 4959 2557 5001 ‚
2622 4912 2713 4980 ut
2769 4898 3171 4987 interiora
3239 4902 3470 4991 clare
3527 4922 4009 4995 cernantur.
