5234 6725
1995 669 2025 771 (
2092 690 2251 776 129
2307 669 2337 772 )

738 864 981 918 seae:
1049 833 1541 920 lamellulae
1625 836 1946 946 postice
2014 835 2494 920 subacutae.
2561 833 2850 948 Stipes
2909 850 3215 940 tenax,
3276 832 3571 919 leviter

733 976 1187 1082 fistulosae,
1242 976 1290 1058 5
1352 976 1498 1061 lin.
1557 979 1904 1089 longus,
1967 979 2075 1064 ad
2134 979 2406 1064 basim
2464 978 2615 1062 vix
2673 999 2726 1090 ᾗ
2776 1004 3158 1084 crassus;
3216 1004 3555 1063 sursum

727 1144 1021 1201 versus
1107 1094 1415 1203 sensini
1491 1136 2018 1226 attenuatus,
2078 1120 2475 1205 incurvus
2497 1180 2528 1222 ,
2588 1134 2671 1201 et
2731 1117 3045 1232 pariter
3099 1117 3564 1229 squamulis

727 1261 1179 1372 praeditus,

959 1406 1122 1490 Hic
1177 1406 1578 1519 fungillus
1635 1426 1758 1492 est
1812 1408 2297 1519 persistens,
2358 1422 2441 1488 et
2496 1437 2694 1492 cum
2750 1407 3280 1511 exsiccetur,
3345 1406 3571 1514 ejus-

729 1544 924 1630 dem
985 1545 1470 1658 superficies
1523 1548 1789 1657 magis
1845 1547 2330 1633 furfuracea
2387 1565 2787 1654 notatur3
2847 1562 3363 1660 quapropter
3400 1546 3563 1628 sub

727 1710 1024 1794 graeca
1084 1717 1288 1772 voce
1342 1676 1758 1797 «πυρώδης
1816 1686 2534 1772 denuntiavimus.
2579 1686 2857 1771 Pileus
2897 1714 3148 1799 porro
3192 1685 3560 1772 formam

721 1825 1191 1934 globosam,
1251 1828 1794 1942 coloremque
1849 1828 2191 1912 fuscum
2248 1827 2652 1940 acquirit.

1390 2140 1916 2199 ICONUM
2013 2090 2881 2197 EXPILICATIO.

722 2593 953 2679 ΤΑΒ.
1018 2592 1314 2696 XLII,
1344 2596 1505 2710 fig
1559 2623 1631 2679 1.
1696 2598 1904 2681 Pars
1964 2596 2282 2702 culmi,
2343 2594 2480 2678 cui
2539 2597 2776 2682 varia
2833 2593 3304 2707 descriptae
3374 2623 3560 2706 spe·

949 2737 1108 2821 ciei
1165 2734 1618 2821 individua
1676 2736 1766 2819 in
1806 2733 2139 2823 diverso
2195 2738 2707 2826 evolutionis
2749 2733 3020 2846 gradu
3078 2732 3360 2824 adhuc
3408 2764 3571 2820 an·-

942 2907 1173 2967 nexa
1228 2878 1894 2991 conspiciuntur.

845 3087 864 3106 .
895 3085 966 3127 .,
1084 3054 1178 3135 g.
1229 3049 1315 3104 2.
1383 3021 1812 3131 Fungulus
1850 3000 2274 3108 maturus*
2303 3017 2670 3107 naturali
2710 3017 3284 3131 magnitudine
3326 3021 3563 3132 paul-

946 3165 1029 3248 lo
1083 3166 1416 3275 major,
1477 3183 1561 3249 et
1617 3163 1727 3249 ad
1784 3163 2492 3278 perpendiculum
2548 3161 3003 3248 dissectus·

847 3373 867 3396 .
901 3375 921 3396 .
959 3373 985 3416 ,
1019 3308 1192 3424 fig.
1264 3308 1349 3392 3.
1434 3307 1626 3419 Ipse
1687 3302 2084 3417 fungulus
2151 3300 2559 3393 beneficio
2640 3301 3222 3421 exquisitioris
3318 3301 3564 3384 lentis

944 3447 1415 3534 delineatus
1438 3509 1468 3551 ,
1552 3464 1651 3531 ut
1727 3446 2112 3555 ejusdem
2193 3462 2473 3557 partes
2547 3441 3022 3529 distinctius
3138 3441 3567 3529 observari

952 3605 1290 3701 possint.
1988 3608 1992 3612 ’

2806 4957 2903 5042 ¹9
