5234 6725
3066 696 3344 806 (54)

1780 909 1976 966 nem
2020 879 2250 989 fecit3
2298 880 2555 964 etiam
2594 871 2830 989 apud
2869 872 3364 958 Psssoomtm
3421 872 3507 954 in
3566 902 3715 957 suo
3766 903 4016 990 opere
4055 881 4632 992 superioribus

1782 1022 2301 1137 temporibus
2357 1019 2633 1124 edito,
2697 1017 2784 1101 in
2842 1047 3016 1130 quo
3054 1013 3160 1099 de
3203 1013 3476 1127 fungis
3515 1013 3908 1103 edulibus
3941 1023 4392 1136 praecipue
4439 1055 4631 1138 per-

1782 1182 2147 1267 tractat,
2206 1162 2476 1249 altum
2536 1160 2964 1246 silentium
3029 1163 3178 1265 (1).
3249 1162 3344 1245 ln
3401 1176 3687 1244 nostro
3746 1163 4040 1250 Diario
4093 1167 4437 1279 publico
4498 1202 4630 1257 so·

1783 1305 1967 1389 lum
2028 1304 2320 1416 paucis
2378 1321 2599 1388 retro
2658 1302 2897 1384 annis
2964 1299 3374 1410 legimus,
3447 1301 3679 1415 quod
3749 1303 3837 1387 in
3903 1307 4285 1417 quadam
4346 1312 4629 1400 Italiae

1783 1447 1998 1531 urbe
2031 1510 2055 1550 ,
2117 1473 2337 1559 quae
2396 1443 2808 1529 memoria
2867 1442 3125 1546 abiit,
3192 1460 3436 1558 potus
3493 1440 3820 1528 Cofleae
3864 1447 4250 1533 venditor
4285 1480 4476 1536 cum
4520 1458 4626 1540 ab

1784 1583 2169 1700 ejusdem
2231 1591 2511 1692 faece,
2577 1589 2657 1672 in
2722 1588 2904 1672 loco
2965 1617 3224 1699 prope
3281 1616 3522 1674 suam
3586 1589 3985 1702 popinam
4048 1592 4356 1704 ejecta,
4422 1629 4628 1684 non-

1783 1735 2057 1821 nullos
2110 1733 2404 1846 fungos
2481 1760 2888 1842 exurgere
2966 1733 3373 1837 vidisset,
3465 1731 3618 1846 qui
3690 1734 4086 1820 innoxios
4145 1760 4481 1851 postea,
4543 1763 4628 1829 et

1785 1887 2052 1970 immo
2109 1880 2217 1969 ad
2275 1884 2451 1966 esui
2509 1911 2757 1966 usum
2817 1899 3333 1993 praestantes
3389 1880 3764 1992 reperit,
3828 1881 3944 1965 ita
4003 1884 4122 1967 uti
4184 1886 4497 1973 mirum
4534 1916 4628 1974 ac

1784 2056 2111 2112 novum
2169 2023 2447 2109 statim
2507 2051 2657 2134 per
2711 2015 3309 2135 ephemerides
3367 2051 3537 2105 non
3595 2022 4067 2108 inconsulto
4135 2029 4626 2138 pervulgare

1786 2172 2006 2255 fecit.
2046 2168 2376 2258 Primae
2417 2165 2648 2278 apud
2690 2197 2837 2250 nos
2877 2168 2959 2249 in
2999 2166 3159 2250 hoc
3198 2168 3742 2281 experiundo
3781 2169 4186 2256 sollicitae
4237 2176 4632 2266 moniales

1785 2311 1863 2393 S.
1925 2307 2182 2395 Potiti
2266 2306 2552 2409 fuere,
2642 2321 2726 2388 et
2785 2305 2895 2389 ob
2954 2334 3254 2389 earum
3313 2303 3821 2390 iudustriam
3879 2334 4012 2391 res
4066 2327 4263 2393 voto
4320 2315 4621 2398 cessit:

1786 2482 1987 2539 nam
2043 2482 2152 2536 ex
2210 2448 2436 2536 dicta
2490 2452 2960 2560 rejectanea
3005 2449 3353 2534 materie
3394 2449 3480 2534 in
3521 2452 3740 2534 vasis
3777 2450 4176 2539 fictilibus
4213 2475 4624 2563 contenta,

1789 2591 2266 2679 identidem
2319 2591 2684 2676 humore
2743 2589 3134 2701 irrigata,
3200 2608 3284 2673 et
3341 2590 3525 2675 loco
3581 2589 3753 2675 udo
3812 2594 4230 2704 reposita,
4292 2599 4630 2686 eosdem

1787 2733 2126 2844 fungos,
2173 2734 2425 2817 etiam
2474 2759 2523 2814 a
2565 2730 2845 2815 noxiis
2886 2730 3358 2833 immunes,
3404 2759 3578 2816 non
3636 2760 3810 2815 una
3867 2732 4019 2819 sed
4081 2733 4358 2849 plures
4414 2739 4635 2820 vices

1785 2880 2214 2984 habuere,
2274 2878 2675 2993 quocirca
2735 2893 2819 2961 et
2876 2874 3128 2961 hodie
3186 2876 3275 2961 in
3331 2855 3630 2964 eadem
3687 2907 3888 2966 cura
3948 2910 4284 2968 summo
4361 2882 4634 2970 studio

1791 3042 2161 3109 manent.

2014 3164 2312 3249 Noster
2369 3159 2680 3246 sodalis
2723 3158 3115 3270 Aloysius
3171 3158 3622 3265 Persem«,
3685 3164 4206 3248 naturalium
4262 3167 4638 3255 scientia-

1792 3340 1991 3399 rum
2046 3309 2613 3396 benemeritus
2673 3332 2771 3389 ac
2827 3321 3316 3417 promotor,
3407 3303 3691 3392 idibus
3776 3311 4231 3421 superioris
4290 3315 4634 3423 Augusti

1801 3460 2018 3560 1824
2070 3458 2284 3543 duos
2342 3454 2746 3566 caespites
2802 3449 3053 3559 hujus
3121 3449 3366 3560 fungi
3433 3451 3716 3537 adhuc
3807 3454 4019 3539 laete
4107 3457 4465 3544 virentes
4549 3461 4632 3543 in

1796 3620 2062 3704 testa,
2123 3599 2232 3684 ab
2291 3593 2589 3681 iisdem
2651 3593 3160 3679 monialibus
3223 3592 3557 3700 habita,
3613 3613 3696 3679 et
3754 3594 3977 3681 dicto
4032 3597 4366 3686 Coffeae
4405 3603 4640 3688 retri-

1950 4078 2043 4161 (ι)
2088 4077 2300 4138 Τιαίὐέ
2322 4095 2440 4137 ων
2459 4075 2547 4136 les
2574 4075 2830 4156 ehamp.
2852 4085 3098 4135 comest.
3120 4074 3311 4134 Paris
3330 4072 3500 4136 1818.
3528 4073 3734 4155 Neque
3763 4071 4030 4133 inferiori
4059 4093 4206 4133 aevo
4229 4073 4291 4134 in
4313 4074 4446 4136 aliis
4466 4075 4642 4134 char-

1790 4197 1895 4261 tis,
1926 4192 2330 4275 Myeologiam
2367 4191 2812 4253 oeconomicam
2853 4185 3299 4261 disserentibus,
3341 4185 3492 4246 haec
3531 4187 3659 4266 ips·
3699 4186 3921 4267 species
3961 4206 4035 4247 ex
4078 4188 4400 4249 esculentis
4430 4202 4487 4247 et
4516 4191 4639 4247 nti-

1789 4306 1950 4366 libus
1986 4302 2300 4364 invenitur.
2341 4300 2747 4372 Recentiores‚
2787 4317 2999 4380 nempe
3042 4296 3315 4358 Conmn
3339 4292 3569 4374 (1826.
3609 4295 3824 4358 Guide
3854 4295 3930 4356 de
3956 4296 4196 4357 l'amat.
4218 4298 4293 4356 de
4317 4298 4636 4381 θυαμ),

1790 4414 2040 4483 Βοασιο
2076 4408 2314 4491 (1832.
2344 4409 2507 4470 Hine„
2533 4405 2641 4466 des
2667 4406 2925 4485 ehamp.
2957 4414 3209 4465 comest.
3234 4414 3297 4466 et
3321 4406 3622 4487 venda),
3665 4408 4007 4469 memt
4049 4408 4095 4489 (
4114 4407 4297 4469 1835.
4343 4414 4635 4473 Deseris.

1796 4526 1902 4586 dei
1923 4525 2127 4603 sung.
2167 4522 2465 4606 manga),
2496 4533 2556 4581 et
2584 4522 2868 4581 Vns-runt
2908 4518 3146 4600 (1842.
3175 4518 3361 4581 stadt
3384 4520 3673 4601 micol.)‚
3718 4541 3981 4603 quorum
4023 4524 4281 4604 pulchra
4323 4525 4638 4589 volumim

1791 4636 2114 4718 diligenter
2162 4632 2570 4718 perlustravi,
2602 4634 2785 4693 etiam
2823 4629 2896 4691 de
2935 4652 3003 4692 ea
3043 4630 3239 4693 silent.
3280 4630 3544 4692 Tantum
3584 4630 3873 4715 Neapoli,
3908 4653 4041 4695 ann.
4099 4636 4247 4715 1827
4292 4637 4642 4719 evulgatum

1794 4750 1909 4808 fuit
1947 4746 2243 4808 minutum
2282 4740 2650 4826 opusculum
2690 4739 2803 4801 sub
2845 4739 3052 4801 titulo:
3100 4741 3421 4801 Memoria
3463 4741 3634 4802 mua
3663 4741 4095 4820 predatione,
4127 4763 4162 4803 ο
4190 4746 4430 4806 cottum
4459 4747 4532 4807 di
4552 4767 4642 4809 un

1793 4860 2001 4936 fimgo
2035 4855 2418 4935 particolar-e
2453 4854 2740 4935 prodouo
2780 4852 2894 4914 dal
2937 4851 3153 4933 Caffeh·
3195 4852 3303 4916 ubi
3343 4866 3554 4915 auctor
3598 4853 3669 4916 B.
3710 4856 3788 4915 G.
3831 4852 4114 4938 (mustus
4153 4859 4398 4918 Gamt
4439 4859 4465 4943 >
4504 4879 4644 4925 eum

1799 4970 1888 5032 rei
1909 4968 2215 5033 herbariae
2241 4986 2451 5051 expers
2466 5009 2485 5044 ,
2516 4967 2944 5031 inconcinniter
2969 4967 3201 5050 aliquot
3230 4968 3598 5028 characteres
3623 4967 3876 5049 hujusce
3894 4970 4115 5055 agarici
4135 4969 4480 5036 adumbrat.
