5234 6725
3076 761 3365 875 (56)

2834 1101 2919 1188 N
2963 1102 3053 1188 11
3103 1103 3258 1189 M.
3350 1101 3604 1190 vll.

2460 1364 2939 1447 AGARICUS
3000 1366 3700 1446 LEUGOSTIGMA
3725 1419 3752 1461 ,
3818 1368 4014 1445 Non.

2053 1644 2083 1749 (
2125 1636 2306 1724 Ser.
2351 1633 2427 1725 1.
2466 1634 3107 1751 Leucosporus.
3138 1685 3184 1701 -
3221 1635 3467 1724 Trib.
3515 1638 3630 1724 X.
3670 1641 4071 1754 Mycena
4096 1705 4123 1747 ‚
4166 1639 4314 1730 Fr.
4361 1647 4393 1754 )
4513 1672 4520 1675 ’

2019 1921 2336 2010 'AoAnt
2396 1923 2576 2010 fere
2633 1921 3066 2034 gregarius
3107 1923 3493 2009 minutus
3533 1921 4311 2037 albo-gelatinosu83
4352 1923 4660 2038 pileolo

1793 2068 2033 2154 initio
2089 2063 2599 2172 orbiculari,
2659 2083 2953 2178 postea
3008 2065 3963 2175 convexo-umbonum
4022 2065 4380 2154 lamellis
4455 2073 4661 2155 con-

1796 2209 2095 2317 fertis3
2155 2208 2446 2323 stipite
2505 2210 2751 2323 longo
2806 2208 3103 2314 tereti,
3161 2206 3274 2293 81)
3329 2208 3578 2322 apice
3650 2208 3758 2295 ad
3815 2208 4095 2296 basim
4153 2208 4465 2294 sensim
4523 2208 4665 2295 ni-

1805 2361 2262 2461 grescente.

1848 2755 1861 2765 ⁶
2034 2638 2395 2726 Ineunte
2452 2638 2966 2745 novembre,
3029 2656 3226 2753 post
3283 2639 3661 2749 imbres,
3720 2667 3981 2755 super
4053 2639 4250 2729 folia
4298 2641 4669 2755 aliasque

1804 2779 2409 2896 vegetabilium
2468 2799 2760 2895 partes
2819 2779 3192 2894 dejectas
3273 2783 3665 2869 occurrit.
3723 2785 4060 2871 Nomen
4144 2813 4192 2869 a
4269 2782 4531 2873 λευκός
4586 2803 4671 2868 et

1809 2923 2117 3032 στίγμα
2173 2922 2715 3029 derivatum,
2775 2923 2981 3041 quia
3026 2922 3387 3036 pileolus
3429 2923 3832 3012 evolutus
3868 2927 4162 3037 stigma
4206 2924 4675 3011 candidum

1809 3097 1979 3155 non
2040 3098 2232 3155 raro
2288 3065 2574 3154 refert.

2045 3355 2243 3445 Ons.
2282 3406 2330 3424 -
2368 3353 2651 3470 Fungi
2704 3355 3076 3471 juniores
3135 3362 3438 3470 erecti,
3499 3378 3588 3446 et
3647 3393 3762 3449 ex
3821 3364 4195 3453 mucoris
4235 3359 4681 3450 filamentis

1819 3515 2106 3590 ortum
2165 3501 2545 3590 trahunt.
2603 3499 3003 3588 Pileolus
3056 3502 3874 3619 primo'suhflavus,
3937 3507 4138 3594 dein
4197 3507 4487 3616 albus,
4531 3511 4681 3594 vix

1827 3675 1863 3729 1
1914 3658 1965 3754 ²4-
2009 3646 2156 3732 lin.
2210 3646 2490 3752 latus3
2548 3644 2926 3757 margine
2983 3672 3289 3758 parum
3350 3632 3659 3735 reflexo
3691 3715 3718 3755 ‚
3781 3680 3879 3735 ac
3932 3649 4303 3736 obsolete
4341 3650 4669 3736 striato.

1824 3785 2304 3877 Lamellae
2361 3785 2815 3899 aequales,
2878 3786 3443 3874 subexsuccae
3471 3854 3498 3894 ‚
3562 3790 3869 3902 postice
3908 3780 4242 3877 a'cutae.
4292 3790 4583 3906 Stlpes
4637 3822 4670 3877 1

1825 3961 2022 4017 unc.
2087 3930 2265 4017 fere
2321 3929 2666 4040 longus,
2727 3947 2811 4014 et
2893 3948 3121 4015 setae
3207 3922 3784 4042 magnitudine
3858 3964 4209 4021 crassus,
4251 3979 4288 3995 -
4342 3934 4686 4049 Species

1794 4076 2227 4190 ‘Agat-ico
2283 4069 2705 4189 capillati
2758 4071 3143 4180 Senum,
3197 4102 3261 4158 s.
3321 4072 3754 4161 aciculan‘
3813 4073 4158 4161 Horma.
4219 4082 4245 4185 (
4286 4105 4458 4161 non
4505 4079 4687 4164 aci·

1827 4216 2078 4307 culae
2116 4218 2531 4302 SannFF.
2574 4218 2603 4323 )
2660 4212 3306 4329 quodammodo
3365 4214 3687 4321 affinis,
3729 4248 3775 4303 a
3817 4246 3992 4332 quo
4031 4237 4312 4302 tamen
4356 4216 4680 4320 differt,

1830 4361 2054 4475 pileo
2111 4386 2279 4442 non
2336 4355 2983 4469 campanulato,
3048 4355 3454 4471 depresso
3512 4357 3653 4442 vel
3713 4358 4248 4467 umbilicatO,
4294 4357 4685 4471 hymenii

1837 4516 2307 4607 structura,
2349 4484 2932 4581 'lamellarum
3015 4524 3377 4585 numero
3435 4515 3602 4583 etc.
3665 4498 4124 4585 Remotam
4207 4482 4689 4610 analogiam

1834 4675 2033 4735 cum
2094 4647 2388 4759 Agar.
2455 4638 2909 4757 epiphyllo
2966 4642 3219 4728 Pizus,
3287 4646 3568 4756 (Syn.
3635 4645 3865 4756 sung.
3911 4674 4104 4760 pag.
4152 4646 4318 4747 468
4360 4650 4389 4755 )
4428 4647 4690 4732 etiam

1837 4790 2259 4893 ostendit,
2318 4786 2431 4874 oh
2502 4781 2963 4873 identicum
3025 4789 3453 4895 colorem,
3518 4803 3602 4873 et
3660 4789 4213 4902 vegetationis
4275 4791 4588 4876 locum.
