5234 6725
1919 769 2202 884 (25)

622 936 691 1025 si
747 937 839 1024 in
894 963 1117 1055 aqua
1172 955 1606 1029 remaneat
1635 1002 1662 1047 ,
1742 939 2103 1031 eandem
2180 943 2362 1058 ipso
2435 944 2975 1041 concolorem
3055 950 3480 1067 evadere;

623 1082 940 1173 idcirco
994 1085 1086 1173 in
1142 1105 1324 1175 arte
1379 1085 1828 1174 infectoria
1886 1115 2088 1174 eum
2127 1088 2572 1178 commode
2608 1091 2997 1185 adhiberi
3035 1125 3280 1213 posse
3315 1100 3474 1189 mi-

623 1230 854 1317 nime
910 1229 1207 1318 diffido
1260 1236 1402 1344 (1).

1395 1544 1854 1604 lcoNUM
1931 1545 2706 1608 EXPLICA'MO.

618 1915 840 2001 TAB.
904 1911 1147 1999 XIII.
1181 1913 1362 2027 fig.
1430 1933 1465 1996 ι
1483 1975 1506 1999 .
1551 1909 1843 2027 Agar.
1883 1909 2466 2001 auricolorem
2500 1907 2659 1999 sub
2695 1935 2849 2002 sua
2887 1909 3266 2028 caedpitis
3302 1913 3473 2001 for-

845 2086 984 2144 ma
1013 2120 1039 2159 ,
1102 2043 1202 2140 ae
1256 2051 1590 2141 diverso
1645 2052 2151 2180 evolationis
2204 2050 2475 2163 gradu
2529 2051 2741 2140 haec
2797 2051 2992 2140 icon
3032 2053 3370 2140 indicat.

743 2264 765 2289 .
798 2261 823 2287 .
882 2265 908 2307 ‚
939 2198 1109 2316 fig.
1167 2229 1245 2289 2.
1302 2197 1544 2290 Idem
1599 2199 1905 2312 fungus
1959 2198 2072 2287 ad
2131 2216 2645 2288 senectutem
2684 2227 3069 2313 vergens,
3109 2227 3263 2315 per
3301 2199 3480 2314 api-

843 2374 1027 2430 cem
1085 2363 1395 2433 sectus.

634 2549 654 2571 .
691 2547 710 2570 .
746 2551 766 2572 .
802 2549 822 2571 .
860 2551 886 2593 ,
902 2484 1083 2602 fig.
1111 2485 1194 2574 3.
1222 2484 1652 2573 Lamellae
1678 2514 2182 2600 permagnae
2208 2487 2519 2599 portiO,
2554 2485 2872 2574 auxilio
2910 2486 3144 2572 lentis
3176 2486 3479 2572 adum-

837 2634 1124 2738 brata,
1185 2632 1428 2746 cujus
1481 2631 1571 2718 in
1627 2629 1891 2717 limbo
1949 2631 2132 2745 jam
2185 2629 2586 2745 descripti
2643 2629 3057 2718 denticuli
3114 2661 3205 2737 a,
3243 2663 3336 2734 a,
3375 2661 3462 2718 a.

843 2777 1475 2889 conspiciuntur
1515 2807 1543 2887 3
1644 2797 1729 2864 et
1807 2777 2195 2890 superius
2287 2775 2752 2865 frustulum
2832 2747 3476 2863 membrdnulae

840 2922 1409 3010 fructificantis
1463 2921 1547 3008 b.
1613 2927 1642 3030 (
1678 2921 2062 3031 hymenii
2103 2926 2131 3028 )
2195 2922 2305 3006 ab
2343 2919 2721 3033 ejusdem
2755 2919 3142 3008 lamellae
3180 2951 3476 3034 super-

843 3067 1022 3155 ficie
1079 3070 1557 3180 sejunetum
1599 3133 1625 3175 ‚
1687 3070 1943 3152 etiam
1998 3067 2400 3154 cernitur.

655 4628 3407 4667 m

771 4800 863 4885 (ι)
926 4804 1018 4864 De
1079 4805 1196 4865 hae
1252 4804 1520 4888 tingendi
1570 4806 1856 4870 facultate
1906 4809 2148 4894 plenius
2201 4812 2399 4893 agitur
2439 4813 2500 4874 in
2538 4832 2716 4897 opere
2755 4809 3061 4875 ancisci
3102 4809 3453 4889 Battum-1,

612 4916 721 4975 sub
762 4914 960 4976 titulo:
1006 4917 1249 4978 Piante
1288 4918 1538 4980 cintoria
1578 4917 1684 4982 del
1718 4939 1910 5002 regno
1949 4922 2020 4984 dc·
2059 4924 2334 5008 Napoli.
2360 4957 2390 4974 ·-
2420 4926 2604 5007 Nap.
2631 4925 2832 5003 1842,
2876 4944 3012 5010 pag.
3050 4944 3104 5002 1,
3135 4944 3303 4990 num.
3335 4939 3411 4984 ια
3432 4967 3451 5000 ,

606 5042 668 5089 et
707 5050 840 5112 pag.
883 5044 959 5104 41
990 5072 1016 5099 ,
1054 5042 1183 5094 not.
1229 5046 1288 5106 4.

2621 5149 2676 5237 6
