5234 6725
3104 755 3389 872 (56)

1833 962 2033 1020 nam
2107 933 2248 1022 illa
2306 935 2657 1021 materia
2714 961 2763 1020 a
2824 934 3246 1021 nonnullis
3299 930 3769 1049 mycelium
3832 933 3969 1019 vel
4025 943 4413 1048 carqytes
4470 965 4694 1020 nun-

1832 1093 2136 1191 cupata
2164 1138 2194 1181 ,
2253 1093 2337 1160 et
2392 1077 2607 1162 sicut
2667 1073 3126 1189 fungorum
3188 1077 3502 1162 matrix
3569 1073 3901 1180 habita,
3957 1104 4129 1189 qua
4205 1075 4435 1161 intus
4505 1078 4686 1191 ipse

1833 1222 2052 1340 lapis
2128 1219 2563 1336 praeditus
2632 1240 2799 1328 est,
2872 1240 3058 1337 post
3134 1220 3484 1334 aliquod
3543 1201 3879 1336 tempus
3934 1222 4023 1306 in
4077 1221 4408 1309 Coffeae
4462 1222 4686 1310 faece

1837 1367 2092 1451 etiam
2154 1392 2440 1480 sparsa
2503 1361 2893 1470 videtur,
2951 1360 3420 1449 dummodo
3476 1360 3771 1448 eadem
3813 1391 4054 1479 aqua
4110 1366 4222 1450 sit
4278 1363 4682 1473 irrorata,

1834 1525 1913 1591 et
1972 1506 2150 1592 loco
2209 1502 2564 1594 humido
2621 1525 3034 1591 servetur.
3106 1502 3396 1589 Primo
3455 1506 3685 1589 enim
3769 1506 3900 1589 uti
3983 1505 4437 1593 substantia
4496 1509 4680 1596 alba

1833 1668 1916 1736 et
1973 1645 2424 1762 byssoidea
2485 1663 2878 1760 apparet,
2948 1675 3047 1733 ac
3108 1664 3393 1760 postea
3447 1646 3535 1729 in
3592 1647 3955 1733 mucoris
4005 1677 4413 1736 acervum
4452 1681 4686 1737 com-

1832 1811 2081 1905 pacta
2155 1793 2501 1898 transit,
2580 1819 2632 1875 a
2711 1817 2882 1904 qua
2968 1786 3318 1874 demum
3380 1789 3783 1901 permulti
3837 1788 4218 1903 fungilli‚
4291 1793 4516 1879 mole
4585 1821 4682 1908 ac

1839 1935 2111 2023 forma
2188 1953 2311 2024 tot
2365 1933 2706 2022 aciculis
2760 1935 3113 2041 similes,
3173 1953 3698 2020 enascuntur.
3755 1935 4073 2023 Eorum
4135 1935 4508 2023 evolutio
4563 1959 4683 2025 est

1834 2080 2171 2190 celeris3
2218 2078 2388 2166 fere
2429 2079 2657 2164 enim
2698 2079 2787 2165 in
2829 2079 3005 2165 dies
3044 2079 3422 2194 quinque
3463 2095 3735 2166 totum
3771 2109 4018 2164 suum
4059 2082 4680 2170 incrementum

1836 2226 2417 2340 adipiscuntur
2448 2290 2473 2332 ,
2531 2253 2706 2338 quo
2780 2242 3157 2337 tempore
3234 2222 3665 2310 recidendi
3740 2245 3998 2331 sunt,
4065 2227 4135 2314 si
4211 2256 4354 2315 eos
4433 2227 4677 2316 edere

1836 2365 2177 2454 libuerit
2211 2429 2240 2473 ,
2299 2363 2446 2452 sed
2514 2361 2751 2451 varie
2807 2365 3146 2450 exsucci
3221 2393 3320 2450 ac
3374 2363 3572 2451 duri
3627 2364 4027 2454 evadunt.

2063 2649 2340 2739 Cum.
2375 2694 2423 2714 -
2459 2642 2691 2731 Inter
2747 2645 3043 2757 fungos
3075 2708 3104 2753 ,
3164 2645 3317 2761 qui
3353 2663 3536 2731 arte
3575 2674 4071 2760 comparare
4105 2670 4674 2763 quaeruntur,

1842 2795 2154 2882 merito
2209 2812 2330 2879 est
2387 2812 2667 2880 noster
2723 2795 3103 2907 agaricus
3141 2790 3615 2905 eligendus,
3656 2789 3907 2905 cujus
3953 2791 4288 2879 cultura
4342 2823 4536 2880 cum
4575 2796 4674 2882 sit

1840 2931 2092 3022 valde
2148 2932 2414 3020 facilis
2469 2960 2568 3017 ac
2625 2930 3019 3045 expedita
3048 2996 3075 3038 ‚
3138 2950 3223 3018 et
3277 2957 3484 3017 cum
3536 2933 3990 3045 proveniat
4046 2962 4097 3018 a
4151 2933 4607 3020 substantia
4637 3001 4664 3042 ‚

1839 3107 2063 3194 quae
2120 3074 2357 3162 haud
2412 3076 2638 3162 male
2691 3075 2855 3161 olet
2888 3139 2915 3181 ‚
2977 3074 3204 3161 unde
3260 3075 3515 3160 etiam
3576 3072 3810 3161 domi
3865 3080 4276 3164 asservari
4351 3096 4671 3193 potest,
4787 3065 4795 3070 ’

1840 3221 2111 3331 magis
2195 3218 2429 3306 cordi
2518 3216 2771 3304 debet
2850 3246 3022 3303 esse
3109 3220 3268 3321 iis,
3347 3217 3499 3330 qui
3579 3218 3666 3302 in
3745 3216 4064 3304 deliciis
4118 3249 4277 3331 pro
4335 3252 4484 3305 esu
4524 3222 4678 3309 hoc

1836 3362 2172 3473 plantae
2229 3385 2492 3471 genus
2550 3358 2892 3445 habent.
2963 3357 3090 3467 Ea
3144 3356 3317 3445 sola
3379 3356 3859 3465 industria,
3919 3391 4183 3476 quam
4240 3392 4490 3476 supra
4547 3367 4676 3451 in·

1838 3504 2185 3587 nuimus
2215 3565 2242 3606 ‚
2329 3498 2505 3584 fere
2591 3501 2680 3584 in
2764 3498 3158 3586 omnibus
3239 3502 3440 3588 anni
3516 3501 3899 3610 vicibus,
3957 3506 4338 3590 maxime
4419 3505 4680 3592 adve-

1835 3648 2122 3730 niente
2180 3644 2622 3726 Autumno
2706 3638 3016 3724 horum
3105 3640 3564 3753 fungorum
3647 3672 3956 3755 magna
4040 3648 4170 3730 vis
4245 3646 4673 3756 habetur3

1833 3782 2304 3870 dmumodo
2361 3784 2447 3868 iu
2505 3782 2878 3868 hibernis
2933 3782 3380 3893 frigoribus
3449 3814 3548 3871 ac
3632 3784 4046 3894 gelicidiis
4076 3852 4103 3892 ‚
4164 3807 4249 3873 et
4335 3794 4675 3876 aestivis

1834 3926 2157 4011 solibus
2214 3950 2417 4008 vasa
2485 3920 2872 4032 fungaria
2927 3919 3548 4030 detrahantur,
3635 3944 3894 4040 atque
3959 3928 4288 4015 assidue
4364 3933 4677 4044 irriguo

1836 4070 2197 4155 humore
2253 4066 2887 4153 immaduerint.
2953 4067 3183 4152 Haec
3209 4132 3243 4173 ,
3297 4070 3700 4183 quamvis
3783 4100 4046 4184 parva
4082 4139 4109 4177 ,
4193 4076 4415 4162 circa
4499 4081 4678 4188 ejus

1830 4430 2201 4489 pmnnusoe.
2232 4412 2421 4489 Ναρ.
2458 4410 2641 4481 ο841.
2682 4414 2855 4489 Quae
2893 4432 3038 4474 cun
3078 4415 3163 4474 ita
3200 4415 3358 4491 sint,
3401 4414 3790 4499 hypothesim
3829 4436 3950 4478 non
3988 4437 4232 4500 prorem
4271 4418 4533 4499 ineptam
4571 4434 4674 4479 aut

1830 4525 2006 4586 nimis
2044 4522 2334 4585 audacem
2364 4520 2555 4583 videri
2598 4541 2767 4603 posse
2806 4521 3094 4596 arbitror,
3139 4523 3298 4585 hanc
3325 4523 3616 4606 Polypori
3652 4527 3934 4608 speciem,
3967 4544 4080 4607 pto
4105 4526 4248 4587 loco
4275 4524 4494 4597 natali,
4521 4538 4676 4598 οηιι,

1828 4658 1902 4699 ιο
1943 4634 2261 4718 vegetandi
2302 4635 2511 4709 modo,
2554 4632 2901 4716 sonegium
2939 4635 3164 4697 habere
3192 4654 3336 4696 cum
3365 4637 3641 4712 Agat-im
3663 4636 4054 4719 (Laeuino)
4079 4635 4292 4696 nehem
4331 4637 4536 4712 tegio,
4575 4636 4676 4717 qui

1832 4751 2013 4809 etiam
2053 4768 2087 4807 a
2128 4745 2410 4820 matrice,
2446 4742 2944 4805 Selerodermatis
2981 4744 3158 4808 Pus.
3183 4787 3204 4819 ‚
3239 4743 3348 4805 vel
3385 4746 3584 4827 potius
3619 4744 4056 4829 Elaphonycit
4084 4747 4262 4808 Nm
4291 4745 4528 4821 indole,
4559 4766 4682 4805 sur-

1832 4880 1967 4939 gere
2006 4857 2173 4920 tolet.
2197 4892 2233 4907 -
2260 4855 2437 4919 Cous.
2466 4856 2719 4918 nmnn.
2751 4856 2930 4917 uerb.
2959 4857 3221 4919 nmhoin.
3265 4878 3392 4919 cur.
3431 4870 3496 4919 et
3533 4856 3692 4920 send.
3730 4859 3942 4921 Jotm.
3979 4859 4324 4921 Bununu
4347 4902 4368 4933 ‚
4409 4878 4546 4942 pars
4571 4857 4676 4933 W,

1834 4986 1971 5049 pag.
2008 4985 2147 5043 ¹20,
2178 4966 2312 5029 ub.
2342 4970 2449 5043 57,
2478 4967 2593 5049 fig.
2626 4984 2691 5044 4,
2719 4981 2780 5028 et
2799 4966 2926 5028 F..
2951 4965 3304 5051 ὅμαιμε.
3334 4965 3475 5030 vol.
3511 4968 3566 5043 1,
3593 4988 3743 5051 με.
3781 4986 3925 5049 ¹74·
