5234 6725
2904 734 3192 848 (86)

1850 912 2057 1003 oss,
2087 940 2206 997 -n
2247 910 2627 1020 Pileus(
2675 938 2804 995 με
2851 936 3050 997 unc.
3090 909 3378 1022 latus)
3416 912 3705 1023 junior
3760 912 4060 1001 obtuse
4115 917 4486 1030 conicus,

1630 1089 1683 1140 ³>
1743 1057 2118 1169 margine
2156 1057 2415 1162 laevi,
2474 1055 2677 1142 hinc
2734 1056 3686 1168 convexo-explanatus,
3737 1056 4033 1144 obtuse
4069 1060 4493 1149 umbona-

1622 1225 1676 1285 2)
1734 1213 1911 1302 tus3
1954 1195 2307 1280 demum
2351 1214 2806 1281 excavatus
2833 1264 2860 1308 ‚
2905 1225 3002 1282 ac
3029 1197 3459 1283 interdum
3492 1197 3861 1284 obsolete
3904 1200 4486 1309 umbilicatus,

1623 1341 2254 1451 »marginibus
2307 1340 2737 1425 undulatis
2795 1342 3490 1453 pallescentibus‚
3547 1345 4247 1432 striato-sulcatis.
4291 1349 4490 1434 La—

1624 1513 1674 1563 »
1731 1479 2048 1569 mellae
2126 1509 2447 1568 crassae
2483 1546 2509 1587 ,
2595 1473 3156 1592 ventriccsae,
3240 1487 3561 1598 postice
3643 1484 4140 1575 rotundatae
4220 1493 4252 1599 (
4308 1490 4485 1576 fere

1622 1654 1674 1707 »
1740 1650 1784 1703 2
1866 1624 2016 1709 lin.
2103 1627 2390 1732 latae)
2475 1657 2573 1711 ac
2649 1628 2867 1739 apici
2945 1627 3309 1738 stipitis,
3400 1628 3488 1714 in
3572 1646 3798 1714 statu
3874 1630 4249 1741 juniori,
4329 1632 4485 1719 ad-

1620 1797 1672 1851 »
1731 1795 2060 1876 nexae3
2134 1769 2495 1856 ‘demum
2574 1768 2887 1856 liberae
2914 1833 2941 1877 ‚
3024 1769 3598 1878 flavescentes,
3659 1798 3917 1885 supra
3974 1772 4480 1862 reticulatim

1627 1943 1679 1996 ³)
1739 1942 2216 1999 connexae:
2279 1913 2758 1999 lamellulae
2801 1915 3080 1999 minus
3143 1912 3405 2022 latae,
3461 1916 4118 2022 numerosiores,
4178 1920 4488 2032 postice

1625 2084 1678 2138 >>
1725 2056 2320 2142 acutiusculae.
2401 2056 2689 2169 Stipes
2762 2058 2791 2162 (
2839 2088 2869 2141 1
2920 2073 3030 2167 ἦ·
3064 2085 3106 2139 2
3152 2080 3203 2172 -ζ-
3240 2086 3432 2141 unc.
3487 2056 3833 2166 longus,
3877 2076 3964 2143 et
4015 2088 4050 2145 1
4083 2055 4192 2151 Ξ·-
4233 2088 4278 2143 2
4323 2060 4475 2145 lin.

1623 2234 1677 2288 ³>
1734 2227 2058 2285 crassus
2096 2204 2134 2308 )‘
2186 2199 2516 2287 albidus
2548 2265 2575 2305 ‚
2637 2199 2954 2285 solidus
2989 2266 3014 2306 ‚
3075 2199 3299 2285 intus
3353 2199 4048 2288 fibroso-sericeus
4068 2263 4100 2307 ,
4157 2231 4209 2289 a
4264 2205 4486 2318 pileo

1597 2371 1678 2427 ·»
1736 2340 2173 2428 distinctus
2203 2405 2230 2447 ‚
2272 2339 2622 2430 demum
2663 2341 3187 2454 expallidus,
3246 2343 3448 2429 villo
3502 2344 3997 2431 tenuissimo
4021 2407 4050 2451 ‚
4090 2347 4484 2460 perbrevi

1625 2520 1677 2572 n
1734 2489 2111 2596 vestitus,
2156 2514 2254 2571 ac
2291 2488 2551 2573 veluti
2596 2487 3075 2594 corticatus,
3107 2484 3536 2573 radicibus
3572 2487 4231 2599 gramineamm‚
4270 2518 4484 2605 quas

1625 2665 1677 2717 n
1739 2646 1981 2715 necat
2011 2692 2037 2735 ‚
2106 2628 2285 2715 basi
2342 2629 3193 2738 strigoso-tomentosa
3228 2692 3256 2734 ‚
3325 2625 3609 2715 albida
3668 2627 4178 2746 plerumque
4232 2634 4484 2720 inna-

1624 2806 1677 2859 »
1736 2794 1899 2881 tus3
1959 2775 2510 2859 exsiccatione
2570 2772 2893 2858 tortilis.
2953 2775 3172 2859 Caro
3232 2772 3512 2858 albida
3545 2837 3575 2877 ‚
3630 2774 4052 2861 subtenax
4081 2836 4113 2880 ,
4168 2778 4485 2888 saporis

1626 2947 1678 2999 »
1737 2936 1816 3001 et
1870 2914 2151 3001 odoris
2204 2917 2412 3028 grati
2470 2918 2901 3003 aromatici
2960 2946 3042 2999 ³).
3080 2915 3529 3003 -VITTAD.
3591 2913 3652 3000 l.
3717 2918 3858 3003 cit.

1850 3056 2215 3142 Minime
2273 3075 2562 3142 autem
2605 3054 3248 3143 confundendus
3287 3085 3484 3141 cum
3524 3058 3812 3169 Agar.
3850 3055 4163 3145 collino
4198 3058 4489 3169 Scor.‚.

1627 3220 1715 3287 et
1771 3199 2206 3286 esculento
2264 3199 2606 3287 WULF.
2671 3198 2850 3283 sive
2919 3194 3193 3285 Clavo
3251 3200 3519 3285 LINN.
3551 3263 3576 3307 ,
3636 3229 3687 3285 a
3724 3200 4033 3315 quibus
4070 3202 4307 3314 longe
4348 3204 4481 3290 di-

1627 3363 1791 3433 stat
1845 3343 2383 3430 lamellarum
2441 3342 2720 3428 forma
2782 3372 2879 3429 ac
2939 3373 3332 3452 numero,
3372 3345 3655 3459 stipite
3690 3346 3989 3460 plene,
4032 3348 4293 3435 odore
4332 3348 4483 3434 de-

1629 3488 1783 3573 bili
1812 3553 1839 3594 ‚
1928 3490 2168 3601 quasi
2245 3485 2560 3573 florum
2645 3488 3139 3603 Eugeniae,
3196 3484 3923 3602 catyopkyllatae
3949 3553 3977 3598 ,
4061 3509 4145 3575 et
4199 3486 4479 3578 colore

1630 3635 1739 3720 ob
1794 3654 2359 3722 senescentem
2416 3651 2772 3720 aetatem
2829 3662 3168 3746 semper
3225 3632 3653 3749 pallidiori
3713 3639 3860 3744 (1).
3946 3716 3955 3723 ,

1633 4394 2288 4475 miigeleinschwamm
2348 4421 2807 4483 germanorum3
2847 4420 3109 4469 attamen
3148 4408 3361 4471 ambae
3399 4406 3516 4470 hae
3556 4410 3778 4492 species
3806 4453 3828 4488 ,
3868 4410 3948 4471 ob
3984 4426 4276 4475 remotam
4318 4411 4475 4472 inter

1631 4531 1692 4571 se
1735 4509 2187 4572 similitudinem
2212 4556 2234 4591 ,
2276 4512 2384 4573 vel
2423 4514 2627 4596 potius
2664 4512 2894 4576 fraudis
2934 4537 3142 4580 caussa
3166 4562 3185 4594 ‚
3228 4516 3472 4581 confuse
3512 4517 3652 4580 illie
3692 4518 3981 4601 leguntur
4000 4567 4022 4600 ‚
4080 4532 4475 4603 recentesque

1631 4635 1899 4701 prostant
1939 4621 2104 4704 apud
2139 4637 2502 4689 mercatores
2525 4640 2590 4689 et
2611 4627 3281 4696 nundinarios-Cous.
3324 4631 3521 4713 ejusd.
3568 4647 3730 4700 auct.
3779 4654 3881 4720 op.
3905 4638 4175 4720 superius
4202 4637 4305 4699 cit.
4332 4656 4474 4719 pag.

1632 4733 1735 4811 67,
1778 4744 1911 4792 not.
1969 4753 1994 4794 1
2018 4777 2033 4794 .
3964 4765 3975 4773 -

1794 4843 1887 4925 (ι)
1925 4843 2076 4905 vid.
2116 4844 2457 4930 diagnooim
2477 4890 2504 4920 ,
2544 4863 2603 4915 et
2642 4851 2920 4935 imagines
2959 4856 3157 4935 Agar.
3209 4854 3394 4942 Clqvi
3421 4857 3483 4923 in
3507 4857 3681 4943 Spec-
3710 4857 3793 4921 11.
3817 4856 4005 4941 huju·
4026 4878 4126 4944 op-
4147 4904 4170 4942 ‚
4200 4878 4342 4945 με·
4372 4877 4474 4941 29,

1631 4955 1751 5016 tab.
1793 4956 1874 5033 V,
1915 4958 2022 5039 fig.
2064 4958 2189 5033 4-62
