<?xml version="1.0" encoding="UTF-8"?>
<!DOCTYPE html PUBLIC "-//W3C//DTD XHTML 1.0 Transitional//EN"
    "http://www.w3.org/TR/xhtml1/DTD/xhtml1-transitional.dtd">
<html xmlns="http://www.w3.org/1999/xhtml" xml:lang="en" lang="en">
 <head>
  <title>
</title>
<meta http-equiv="Content-Type" content="text/html;charset=utf-8" />
  <meta name='ocr-system' content='tesseract 3.04.00' />
  <meta name='ocr-capabilities' content='ocr_page ocr_carea ocr_par ocr_line ocrx_word'/>
</head>
<body>
  <div class='ocr_page' id='page_1' title='image "./historiafungoru00briggoog_0037.png"; bbox 0 0 5234 6725; ppageno 0'>
   <div class='ocr_carea' id='block_1_1' title="bbox 1971 765 2258 871">
    <p class='ocr_par' dir='ltr' id='par_1_1' title="bbox 1971 765 2258 871">
     <span class='ocr_line' id='line_1_1' title="bbox 1971 765 2258 871; baseline 0 0"><span class='ocrx_word' id='word_1_1' title='bbox 1971 765 2258 871; x_wconf 91' lang='lat'>(11)</span> 
     </span>
    </p>
   </div>
   <div class='ocr_carea' id='block_1_2' title="bbox 628 939 3536 1197">
    <p class='ocr_par' dir='ltr' id='par_1_2' title="bbox 628 939 3536 1197">
     <span class='ocr_line' id='line_1_2' title="bbox 691 939 3536 1056; baseline -0.002 -18"><span class='ocrx_word' id='word_1_2' title='bbox 691 952 907 1038; x_wconf 88' lang='lat' dir='ltr'>riceo</span> <span class='ocrx_word' id='word_1_3' title='bbox 939 1014 964 1056; x_wconf 93' lang='lat'>‚</span> <span class='ocrx_word' id='word_1_4' title='bbox 1028 949 1134 1034; x_wconf 85' lang='lat' dir='ltr'>ad</span> <span class='ocrx_word' id='word_1_5' title='bbox 1193 946 1458 1034; x_wconf 89' lang='lat' dir='ltr'>basim</span> <span class='ocrx_word' id='word_1_6' title='bbox 1519 942 1963 1051; x_wconf 81' lang='lat' dir='ltr'>tuberos03</span> <span class='ocrx_word' id='word_1_7' title='bbox 2022 939 2335 1024; x_wconf 91' lang='lat' dir='ltr'>annulo</span> <span class='ocrx_word' id='word_1_8' title='bbox 2391 961 2718 1028; x_wconf 89' lang='lat' dir='ltr'>remoto</span> <span class='ocrx_word' id='word_1_9' title='bbox 2760 941 3089 1054; x_wconf 86' lang='lat' dir='ltr'>(infero)</span> <span class='ocrx_word' id='word_1_10' title='bbox 3142 943 3536 1031; x_wconf 88' lang='lat' dir='ltr'>deorsum</span> 
     </span>
     <span class='ocr_line' id='line_1_3' title="bbox 628 1077 2289 1197; baseline -0.008 -20"><span class='ocrx_word' id='word_1_11' title='bbox 628 1167 637 1176; x_wconf 95' lang='lat'>.</span> <span class='ocrx_word' id='word_1_12' title='bbox 693 1090 1003 1177; x_wconf 83' lang='lat' dir='ltr'>reflexo</span> <span class='ocrx_word' id='word_1_13' title='bbox 1057 1088 1285 1175; x_wconf 88' lang='lat' dir='ltr'>tenui</span> <span class='ocrx_word' id='word_1_14' title='bbox 1339 1085 1787 1197; x_wconf 85' lang='lat' dir='ltr'>subfugaci.</span> <span class='ocrx_word' id='word_1_15' title='bbox 2280 1077 2289 1084; x_wconf 79' lang='grc'><strong><em>’</em></strong></span> 
     </span>
    </p>
   </div>
   <div class='ocr_carea' id='block_1_3' title="bbox 846 1377 3544 1691">
    <p class='ocr_par' dir='ltr' id='par_1_3' title="bbox 846 1377 3544 1691">
     <span class='ocr_line' id='line_1_4' title="bbox 930 1377 3544 1464; baseline -0.001 -18"><span class='ocrx_word' id='word_1_16' title='bbox 930 1385 1147 1464; x_wconf 80' lang='lat' dir='ltr'>Agar.</span> <span class='ocrx_word' id='word_1_17' title='bbox 1204 1389 1514 1443; x_wconf 64' lang='lat' dir='ltr'>tor-cumas</span> <span class='ocrx_word' id='word_1_18' title='bbox 1538 1424 1558 1458; x_wconf 90' lang='lat'>‚</span> <span class='ocrx_word' id='word_1_19' title='bbox 1617 1382 1798 1443; x_wconf 77' lang='lat' dir='ltr'>Bmo.</span> <span class='ocrx_word' id='word_1_20' title='bbox 1859 1380 1887 1464; x_wconf 91' lang='lat'><strong>(</strong></span> <span class='ocrx_word' id='word_1_21' title='bbox 1926 1399 2049 1441; x_wconf 88' lang='lat' dir='ltr'>non</span> <span class='ocrx_word' id='word_1_22' title='bbox 2086 1379 2207 1444; x_wconf 69' lang='lat' dir='ltr'>Fa.</span> <span class='ocrx_word' id='word_1_23' title='bbox 2253 1379 2290 1463; x_wconf 98' lang='grc'>)</span> <span class='ocrx_word' id='word_1_24' title='bbox 2315 1416 2350 1429; x_wconf 84' lang='grc'>-</span> <span class='ocrx_word' id='word_1_25' title='bbox 2396 1379 2572 1442; x_wconf 83' lang='lat' dir='ltr'>conf.</span> <span class='ocrx_word' id='word_1_26' title='bbox 2637 1399 2835 1443; x_wconf 65' lang='lat' dir='ltr'>nutu.</span> <span class='ocrx_word' id='word_1_27' title='bbox 2873 1381 3098 1443; x_wconf 73' lang='lat' dir='ltr'>Cmm</span> <span class='ocrx_word' id='word_1_28' title='bbox 3129 1424 3150 1459; x_wconf 90' lang='lat'><em>‚</em></span> <span class='ocrx_word' id='word_1_29' title='bbox 3190 1377 3439 1443; x_wconf 80' lang='lat' dir='ltr'>Euchir.</span> <span class='ocrx_word' id='word_1_30' title='bbox 3477 1382 3544 1444; x_wconf 84' lang='lat' dir='ltr'>di</span> 
     </span>
     <span class='ocr_line' id='line_1_5' title="bbox 846 1491 3540 1580; baseline -0.001 -18"><span class='ocrx_word' id='word_1_31' title='bbox 846 1495 1145 1562; x_wconf 78' lang='lat' dir='ltr'>Tossicol.</span> <span class='ocrx_word' id='word_1_32' title='bbox 1184 1507 1382 1559; x_wconf 77' lang='lat' dir='ltr'>tem-.-</span> <span class='ocrx_word' id='word_1_33' title='bbox 1420 1507 1574 1580; x_wconf 83' lang='lat' dir='ltr'>prat.</span> <span class='ocrx_word' id='word_1_34' title='bbox 1614 1513 1752 1577; x_wconf 79' lang='lat' dir='ltr'>pag.</span> <span class='ocrx_word' id='word_1_35' title='bbox 1800 1513 1866 1557; x_wconf 79' lang='grc' dir='ltr'>ιι</span> <span class='ocrx_word' id='word_1_36' title='bbox 1902 1540 1923 1574; x_wconf 93' lang='lat'><em>,</em></span> <span class='ocrx_word' id='word_1_37' title='bbox 1970 1505 2033 1555; x_wconf 87' lang='lat' dir='ltr'>et</span> <span class='ocrx_word' id='word_1_38' title='bbox 2071 1491 2195 1554; x_wconf 75' lang='lat' dir='ltr'>Atl.</span> <span class='ocrx_word' id='word_1_39' title='bbox 2240 1491 2379 1558; x_wconf 77' lang='lat' dir='ltr'>fasc.</span> <span class='ocrx_word' id='word_1_40' title='bbox 2418 1493 2543 1564; x_wconf 83' lang='lat' dir='ltr'>m,</span> <span class='ocrx_word' id='word_1_41' title='bbox 2584 1493 2710 1555; x_wconf 84' lang='lat' dir='ltr'>tab.</span> <span class='ocrx_word' id='word_1_42' title='bbox 2749 1494 2874 1572; x_wconf 90' lang='lat'><em>111,</em></span> <span class='ocrx_word' id='word_1_43' title='bbox 2917 1494 3032 1577; x_wconf 79' lang='lat' dir='ltr'>fig.</span> <span class='ocrx_word' id='word_1_44' title='bbox 3079 1514 3104 1555; x_wconf 85' lang='lat'>1</span> <span class='ocrx_word' id='word_1_45' title='bbox 3135 1538 3155 1571; x_wconf 91' lang='lat'><em>,</em></span> <span class='ocrx_word' id='word_1_46' title='bbox 3204 1514 3244 1557; x_wconf 78' lang='lat'><em>2</em></span> <span class='ocrx_word' id='word_1_47' title='bbox 3283 1494 3540 1579; x_wconf 85' lang='lat' dir='ltr'>(quoad</span> 
     </span>
     <span class='ocr_line' id='line_1_6' title="bbox 853 1606 1213 1691; baseline -0.008 -22"><span class='ocrx_word' id='word_1_48' title='bbox 853 1606 1113 1670; x_wconf 81' lang='lat' dir='ltr'>sormam</span> <span class='ocrx_word' id='word_1_49' title='bbox 1154 1606 1213 1691; x_wconf 89' lang='lat'>).</span> 
     </span>
    </p>
   </div>
   <div class='ocr_carea' id='block_1_4' title="bbox 696 1835 3537 2103">
    <p class='ocr_par' dir='ltr' id='par_1_4' title="bbox 696 1835 3537 2103">
     <span class='ocr_line' id='line_1_7' title="bbox 914 1835 3537 1955; baseline -0.001 -27"><span class='ocrx_word' id='word_1_50' title='bbox 914 1838 1273 1955; x_wconf 83' lang='lat' dir='ltr'>Neapoli</span> <span class='ocrx_word' id='word_1_51' title='bbox 1329 1835 1440 1924; x_wconf 86' lang='lat' dir='ltr'>ad</span> <span class='ocrx_word' id='word_1_52' title='bbox 1496 1855 1813 1921; x_wconf 88' lang='lat' dir='ltr'>terram</span> <span class='ocrx_word' id='word_1_53' title='bbox 1870 1853 2055 1948; x_wconf 90' lang='lat' dir='ltr'>post</span> <span class='ocrx_word' id='word_1_54' title='bbox 2109 1838 2643 1924; x_wconf 83' lang='lat' dir='ltr'><strong>autumnales</strong></span> <span class='ocrx_word' id='word_1_55' title='bbox 2697 1839 3035 1952; x_wconf 88' lang='lat' dir='ltr'>pluvias</span> <span class='ocrx_word' id='word_1_56' title='bbox 3106 1836 3391 1948; x_wconf 81' lang='lat' dir='ltr'>collegi</span> <span class='ocrx_word' id='word_1_57' title='bbox 3449 1840 3537 1926; x_wconf 87' lang='lat' dir='ltr'>in</span> 
     </span>
     <span class='ocr_line' id='line_1_8' title="bbox 696 1983 3181 2103; baseline -0.004 -25"><span class='ocrx_word' id='word_1_58' title='bbox 696 1987 1211 2103; x_wconf 84' lang='lat' dir='ltr'>marginibus</span> <span class='ocrx_word' id='word_1_59' title='bbox 1264 1985 1535 2096; x_wconf 83' lang='lat' dir='ltr'>regiae</span> <span class='ocrx_word' id='word_1_60' title='bbox 1591 1983 1780 2070; x_wconf 86' lang='lat' dir='ltr'>viae</span> <span class='ocrx_word' id='word_1_61' title='bbox 1812 2048 1837 2091; x_wconf 90' lang='lat'>‚</span> <span class='ocrx_word' id='word_1_62' title='bbox 1899 1984 2149 2098; x_wconf 86' lang='lat' dir='ltr'>vulgo</span> <span class='ocrx_word' id='word_1_63' title='bbox 2206 1983 2540 2073; x_wconf 79' lang='lat' dir='ltr'>Strada</span> <span class='ocrx_word' id='word_1_64' title='bbox 2600 1983 2758 2072; x_wconf 82' lang='lat' dir='ltr'>del</span> <span class='ocrx_word' id='word_1_65' title='bbox 2817 1987 3181 2101; x_wconf 80' lang='lat' dir='ltr'>Campo.</span> 
     </span>
    </p>
   </div>
   <div class='ocr_carea' id='block_1_5' title="bbox 689 2241 3539 2655">
    <p class='ocr_par' dir='ltr' id='par_1_5' title="bbox 689 2241 3539 2655">
     <span class='ocr_line' id='line_1_9' title="bbox 911 2241 3538 2359; baseline -0.003 -21"><span class='ocrx_word' id='word_1_66' title='bbox 911 2251 1113 2338; x_wconf 73' lang='lat' dir='ltr'>ons.</span> <span class='ocrx_word' id='word_1_67' title='bbox 1158 2300 1200 2316; x_wconf 93' lang='lat'>-</span> <span class='ocrx_word' id='word_1_68' title='bbox 1234 2249 1553 2337; x_wconf 77' lang='lat' dir='ltr'>Pilezcs</span> <span class='ocrx_word' id='word_1_69' title='bbox 1617 2249 1815 2349; x_wconf 60' lang='lat' dir='ltr'>bh}</span> <span class='ocrx_word' id='word_1_70' title='bbox 1869 2278 2063 2335; x_wconf 88' lang='lat' dir='ltr'>unc.</span> <span class='ocrx_word' id='word_1_71' title='bbox 2154 2247 2373 2335; x_wconf 87' lang='lat' dir='ltr'>latus</span> <span class='ocrx_word' id='word_1_72' title='bbox 2414 2311 2444 2350; x_wconf 86' lang='lat'><em>,</em></span> <span class='ocrx_word' id='word_1_73' title='bbox 2527 2245 2814 2359; x_wconf 84' lang='lat' dir='ltr'>glaber</span> <span class='ocrx_word' id='word_1_74' title='bbox 2848 2312 2874 2353; x_wconf 86' lang='lat'>‚</span> <span class='ocrx_word' id='word_1_75' title='bbox 2960 2263 3040 2330; x_wconf 92' lang='lat' dir='ltr'>et</span> <span class='ocrx_word' id='word_1_76' title='bbox 3097 2244 3185 2328; x_wconf 91' lang='lat' dir='ltr'>in</span> <span class='ocrx_word' id='word_1_77' title='bbox 3241 2241 3538 2330; x_wconf 83' lang='lat' dir='ltr'>ultima</span> 
     </span>
     <span class='ocr_line' id='line_1_10' title="bbox 689 2388 3539 2509; baseline -0.004 -26"><span class='ocrx_word' id='word_1_78' title='bbox 689 2397 926 2509; x_wconf 85' lang='lat' dir='ltr'>fungi</span> <span class='ocrx_word' id='word_1_79' title='bbox 981 2415 1257 2484; x_wconf 83' lang='lat' dir='ltr'>aetate</span> <span class='ocrx_word' id='word_1_80' title='bbox 1311 2399 1584 2498; x_wconf 82' lang='lat' dir='ltr'>forma</span> <span class='ocrx_word' id='word_1_81' title='bbox 1615 2461 1641 2503; x_wconf 89' lang='lat'>,</span> <span class='ocrx_word' id='word_1_82' title='bbox 1703 2397 2107 2506; x_wconf 82' lang='lat' dir='ltr'>margine,</span> <span class='ocrx_word' id='word_1_83' title='bbox 2152 2422 2251 2479; x_wconf 89' lang='lat' dir='ltr'>ac</span> <span class='ocrx_word' id='word_1_84' title='bbox 2288 2390 2716 2506; x_wconf 82' lang='lat' dir='ltr'>superficie</span> <span class='ocrx_word' id='word_1_85' title='bbox 2767 2388 3013 2479; x_wconf 82' lang='lat' dir='ltr'>valde</span> <span class='ocrx_word' id='word_1_86' title='bbox 3068 2390 3539 2501; x_wconf 86' lang='lat' dir='ltr'>irregularis</span> 
     </span>
     <span class='ocr_line' id='line_1_11' title="bbox 690 2536 3530 2655; baseline -0.002 -31"><span class='ocrx_word' id='word_1_87' title='bbox 690 2539 1157 2655; x_wconf 82' lang='lat' dir='ltr'>inspicitur.</span> <span class='ocrx_word' id='word_1_88' title='bbox 1221 2537 1701 2627; x_wconf 74' lang='lat' dir='ltr'>Lamallae</span> <span class='ocrx_word' id='word_1_89' title='bbox 1757 2538 2120 2650; x_wconf 86' lang='lat' dir='ltr'>integrae</span> <span class='ocrx_word' id='word_1_90' title='bbox 2155 2569 2206 2625; x_wconf 85' lang='lat' dir='ltr'>a</span> <span class='ocrx_word' id='word_1_91' title='bbox 2244 2537 2665 2625; x_wconf 84' lang='lat' dir='ltr'>nonnullis</span> <span class='ocrx_word' id='word_1_92' title='bbox 2718 2536 3182 2624; x_wconf 85' lang='lat' dir='ltr'>dimidiatis</span> <span class='ocrx_word' id='word_1_93' title='bbox 3237 2536 3530 2621; x_wconf 87' lang='lat' dir='ltr'>distin-</span> 
     </span>
    </p>
   </div>
   <div class='ocr_carea' id='block_1_6' title="bbox 692 2679 3749 2798">
    <p class='ocr_par' dir='ltr' id='par_1_6' title="bbox 692 2679 3749 2798">
     <span class='ocr_line' id='line_1_12' title="bbox 692 2679 3749 2798; baseline -0.001 -29"><span class='ocrx_word' id='word_1_94' title='bbox 692 2702 922 2788; x_wconf 82' lang='lat' dir='ltr'>ctae,</span> <span class='ocrx_word' id='word_1_95' title='bbox 980 2702 1068 2770; x_wconf 89' lang='lat' dir='ltr'>et</span> <span class='ocrx_word' id='word_1_96' title='bbox 1124 2709 1394 2796; x_wconf 88' lang='lat' dir='ltr'>usque</span> <span class='ocrx_word' id='word_1_97' title='bbox 1453 2679 1562 2767; x_wconf 90' lang='lat' dir='ltr'>ad</span> <span class='ocrx_word' id='word_1_98' title='bbox 1619 2682 1947 2798; x_wconf 89' lang='lat' dir='ltr'>apicem</span> <span class='ocrx_word' id='word_1_99' title='bbox 2028 2682 2324 2795; x_wconf 87' lang='lat' dir='ltr'>stipitis</span> <span class='ocrx_word' id='word_1_100' title='bbox 2408 2681 2895 2798; x_wconf 84' lang='lat' dir='ltr'>productae.</span> <span class='ocrx_word' id='word_1_101' title='bbox 2990 2682 3282 2796; x_wconf 72' lang='lat' dir='ltr'>Stipes</span> <span class='ocrx_word' id='word_1_102' title='bbox 3336 2681 3534 2767; x_wconf 87' lang='lat' dir='ltr'>soli·</span> <span class='ocrx_word' id='word_1_103' title='bbox 3645 2763 3649 2767; x_wconf 82' lang='lat'><em>.</em></span> <span class='ocrx_word' id='word_1_104' title='bbox 3741 2679 3749 2686; x_wconf 74' lang='grc'><strong>’</strong></span> 
     </span>
    </p>
   </div>
   <div class='ocr_carea' id='block_1_7' title="bbox 691 2823 3538 3628">
    <p class='ocr_par' dir='ltr' id='par_1_7' title="bbox 691 2823 3538 3225">
     <span class='ocr_line' id='line_1_13' title="bbox 691 2823 3535 2940; baseline -0.001 -27"><span class='ocrx_word' id='word_1_105' title='bbox 691 2828 849 2915; x_wconf 85' lang='lat' dir='ltr'>dus</span> <span class='ocrx_word' id='word_1_106' title='bbox 880 2892 907 2934; x_wconf 90' lang='lat'>‚</span> <span class='ocrx_word' id='word_1_107' title='bbox 972 2825 1291 2914; x_wconf 89' lang='lat' dir='ltr'>nitidus</span> <span class='ocrx_word' id='word_1_108' title='bbox 1323 2890 1350 2932; x_wconf 91' lang='lat'>‚</span> <span class='ocrx_word' id='word_1_109' title='bbox 1415 2857 1459 2913; x_wconf 80' lang='lat'><em>2</em></span> <span class='ocrx_word' id='word_1_110' title='bbox 1525 2857 1725 2913; x_wconf 91' lang='lat' dir='ltr'>unc.·</span> <span class='ocrx_word' id='word_1_111' title='bbox 1774 2846 1857 2912; x_wconf 92' lang='lat' dir='ltr'>et</span> <span class='ocrx_word' id='word_1_112' title='bbox 1913 2827 2134 2915; x_wconf 89' lang='lat' dir='ltr'>ultra</span> <span class='ocrx_word' id='word_1_113' title='bbox 2209 2828 2558 2940; x_wconf 86' lang='lat' dir='ltr'>longus,</span> <span class='ocrx_word' id='word_1_114' title='bbox 2618 2854 2717 2911; x_wconf 91' lang='lat' dir='ltr'>ac</span> <span class='ocrx_word' id='word_1_115' title='bbox 2772 2823 2942 2910; x_wconf 83' lang='lat' dir='ltr'>fere</span> <span class='ocrx_word' id='word_1_116' title='bbox 3000 2844 3056 2928; x_wconf 84' lang='lat'>4</span> <span class='ocrx_word' id='word_1_117' title='bbox 3107 2825 3253 2912; x_wconf 89' lang='lat' dir='ltr'>lin.</span> <span class='ocrx_word' id='word_1_118' title='bbox 3310 2854 3535 2910; x_wconf 87' lang='lat' dir='ltr'>cras-</span> 
     </span>
     <span class='ocr_line' id='line_1_14' title="bbox 695 2962 3538 3081; baseline -0.001 -27"><span class='ocrx_word' id='word_1_119' title='bbox 695 2998 862 3054; x_wconf 89' lang='lat' dir='ltr'>sus.</span> <span class='ocrx_word' id='word_1_120' title='bbox 933 2970 1044 3053; x_wconf 91' lang='lat' dir='ltr'><em>V</em></span> <span class='ocrx_word' id='word_1_121' title='bbox 1025 2967 1263 3055; x_wconf 81' lang='lat' dir='ltr'>elum</span> <span class='ocrx_word' id='word_1_122' title='bbox 1343 2966 1705 3080; x_wconf 82' lang='lat' dir='ltr'>simplex</span> <span class='ocrx_word' id='word_1_123' title='bbox 1742 3030 1767 3073; x_wconf 90' lang='lat'>‚</span> <span class='ocrx_word' id='word_1_124' title='bbox 1857 2966 2210 3081; x_wconf 88' lang='lat' dir='ltr'>partiale</span> <span class='ocrx_word' id='word_1_125' title='bbox 2254 3031 2280 3073; x_wconf 88' lang='lat'>,</span> <span class='ocrx_word' id='word_1_126' title='bbox 2367 2967 2647 3081; x_wconf 82' lang='lat' dir='ltr'>stipite</span> <span class='ocrx_word' id='word_1_127' title='bbox 2730 2969 3122 3053; x_wconf 87' lang='lat' dir='ltr'>innatum</span> <span class='ocrx_word' id='word_1_128' title='bbox 3164 3031 3191 3073; x_wconf 90' lang='lat'>‚</span> <span class='ocrx_word' id='word_1_129' title='bbox 3277 2986 3358 3051; x_wconf 87' lang='lat' dir='ltr'>et</span> <span class='ocrx_word' id='word_1_130' title='bbox 3428 2962 3538 3050; x_wconf 91' lang='lat' dir='ltr'>ad</span> 
     </span>
     <span class='ocr_line' id='line_1_15' title="bbox 691 3110 3124 3225; baseline -0 -28"><span class='ocrx_word' id='word_1_131' title='bbox 691 3112 1165 3225; x_wconf 89' lang='lat' dir='ltr'>marginem</span> <span class='ocrx_word' id='word_1_132' title='bbox 1220 3110 1419 3224; x_wconf 91' lang='lat' dir='ltr'>pilei</span> <span class='ocrx_word' id='word_1_133' title='bbox 1475 3111 1559 3195; x_wconf 92' lang='lat' dir='ltr'>in</span> <span class='ocrx_word' id='word_1_134' title='bbox 1620 3111 2090 3223; x_wconf 89' lang='lat' dir='ltr'>junioribus</span> <span class='ocrx_word' id='word_1_135' title='bbox 2144 3110 2604 3198; x_wconf 87' lang='lat' dir='ltr'>individuis</span> <span class='ocrx_word' id='word_1_136' title='bbox 2663 3141 3124 3199; x_wconf 86' lang='lat' dir='ltr'>annexum.</span> 
     </span>
    </p>

    <p class='ocr_par' dir='ltr' id='par_1_8' title="bbox 692 3249 3534 3628">
     <span class='ocr_line' id='line_1_16' title="bbox 915 3249 3533 3366; baseline 0 -28"><span class='ocrx_word' id='word_1_137' title='bbox 915 3252 1159 3340; x_wconf 85' lang='lat' dir='ltr'>Odor</span> <span class='ocrx_word' id='word_1_138' title='bbox 1215 3252 1345 3336; x_wconf 90' lang='lat' dir='ltr'>uti</span> <span class='ocrx_word' id='word_1_139' title='bbox 1400 3253 1490 3337; x_wconf 91' lang='lat' dir='ltr'>in</span> <span class='ocrx_word' id='word_1_140' title='bbox 1545 3250 1729 3338; x_wconf 89' lang='lat' dir='ltr'>aliis</span> <span class='ocrx_word' id='word_1_141' title='bbox 1782 3249 2059 3366; x_wconf 90' lang='lat' dir='ltr'>fungis</span> <span class='ocrx_word' id='word_1_142' title='bbox 2116 3251 2541 3362; x_wconf 84' lang='lat' dir='ltr'>edulibus3</span> <span class='ocrx_word' id='word_1_143' title='bbox 2604 3283 2800 3339; x_wconf 88' lang='lat' dir='ltr'>caro</span> <span class='ocrx_word' id='word_1_144' title='bbox 2840 3253 3304 3358; x_wconf 85' lang='lat' dir='ltr'>albissima,</span> <span class='ocrx_word' id='word_1_145' title='bbox 3346 3268 3533 3339; x_wconf 84' lang='lat' dir='ltr'>tan-</span> 
     </span>
     <span class='ocr_line' id='line_1_17' title="bbox 692 3392 3534 3513; baseline 0 -33"><span class='ocrx_word' id='word_1_146' title='bbox 692 3397 947 3510; x_wconf 86' lang='lat' dir='ltr'>tisper</span> <span class='ocrx_word' id='word_1_147' title='bbox 1001 3425 1145 3481; x_wconf 88' lang='lat' dir='ltr'>ore</span> <span class='ocrx_word' id='word_1_148' title='bbox 1201 3392 1534 3484; x_wconf 90' lang='lat' dir='ltr'>detenta</span> <span class='ocrx_word' id='word_1_149' title='bbox 1617 3424 2006 3513; x_wconf 86' lang='lat' dir='ltr'>saporem</span> <span class='ocrx_word' id='word_1_150' title='bbox 2062 3424 2345 3483; x_wconf 87' lang='lat' dir='ltr'>acrem</span> <span class='ocrx_word' id='word_1_151' title='bbox 2434 3397 2774 3484; x_wconf 85' lang='lat' dir='ltr'>excitat.</span> <span class='ocrx_word' id='word_1_152' title='bbox 2840 3397 3100 3510; x_wconf 83' lang='lat' dir='ltr'>Apud</span> <span class='ocrx_word' id='word_1_153' title='bbox 3155 3425 3305 3484; x_wconf 91' lang='lat' dir='ltr'>nos</span> <span class='ocrx_word' id='word_1_154' title='bbox 3359 3426 3534 3483; x_wconf 90' lang='lat' dir='ltr'>cer-</span> 
     </span>
     <span class='ocr_line' id='line_1_18' title="bbox 693 3538 1814 3628; baseline 0.001 -2"><span class='ocrx_word' id='word_1_155' title='bbox 693 3561 880 3627; x_wconf 86' lang='lat' dir='ltr'>tum</span> <span class='ocrx_word' id='word_1_156' title='bbox 933 3570 1247 3627; x_wconf 90' lang='lat' dir='ltr'>nomen</span> <span class='ocrx_word' id='word_1_157' title='bbox 1303 3571 1474 3627; x_wconf 87' lang='lat' dir='ltr'>non</span> <span class='ocrx_word' id='word_1_158' title='bbox 1527 3538 1814 3628; x_wconf 88' lang='lat' dir='ltr'>habet.</span> 
     </span>
    </p>
   </div>
   <div class='ocr_carea' id='block_1_8' title="bbox 1440 3866 2790 3938">
    <p class='ocr_par' dir='ltr' id='par_1_9' title="bbox 1440 3866 2790 3938">
     <span class='ocr_line' id='line_1_19' title="bbox 1440 3866 2790 3938; baseline -0.003 -1"><span class='ocrx_word' id='word_1_159' title='bbox 1440 3876 1909 3938; x_wconf 79' lang='lat' dir='ltr'>1c0NUM</span> <span class='ocrx_word' id='word_1_160' title='bbox 1991 3866 2790 3937; x_wconf 69' lang='lat' dir='ltr'>EXPLIOA&#39;rIo.</span> 
     </span>
    </p>
   </div>
   <div class='ocr_carea' id='block_1_9' title="bbox 1826 4057 2345 4079">
    <p class='ocr_par' dir='ltr' id='par_1_10' title="bbox 1826 4057 2345 4079">
     <span class='ocr_line' id='line_1_20' title="bbox 1826 4057 2345 4079; baseline 0 0"><span class='ocrx_word' id='word_1_161' title='bbox 1826 4057 2345 4079; x_wconf 95' lang='lat' dir='ltr'> </span> 
     </span>
    </p>
   </div>
   <div class='ocr_carea' id='block_1_10' title="bbox 689 4253 3539 4488">
    <p class='ocr_par' dir='ltr' id='par_1_11' title="bbox 689 4253 3539 4488">
     <span class='ocr_line' id='line_1_21' title="bbox 689 4253 3539 4374; baseline 0 -29"><span class='ocrx_word' id='word_1_162' title='bbox 689 4261 914 4348; x_wconf 81' lang='grc' dir='ltr'><strong>ΤΑΒ.</strong></span> <span class='ocrx_word' id='word_1_163' title='bbox 976 4261 1109 4349; x_wconf 92' lang='lat' dir='ltr'>IV</span> <span class='ocrx_word' id='word_1_164' title='bbox 1131 4322 1161 4363; x_wconf 90' lang='lat'>‚</span> <span class='ocrx_word' id='word_1_165' title='bbox 1193 4254 1367 4374; x_wconf 78' lang='lat' dir='ltr'>fig.</span> <span class='ocrx_word' id='word_1_166' title='bbox 1435 4287 1510 4344; x_wconf 70' lang='grc' dir='ltr'>ι.</span> <span class='ocrx_word' id='word_1_167' title='bbox 1599 4253 2161 4347; x_wconf 87' lang='lat' dir='ltr'>Individuum</span> <span class='ocrx_word' id='word_1_168' title='bbox 2241 4255 2634 4371; x_wconf 86' lang='lat' dir='ltr'>descripti</span> <span class='ocrx_word' id='word_1_169' title='bbox 2716 4258 3016 4369; x_wconf 89' lang='lat' dir='ltr'>agarici</span> <span class='ocrx_word' id='word_1_170' title='bbox 3102 4289 3270 4347; x_wconf 91' lang='lat' dir='ltr'>non</span> <span class='ocrx_word' id='word_1_171' title='bbox 3349 4267 3539 4348; x_wconf 84' lang='lat' dir='ltr'>satis</span> 
     </span>
     <span class='ocr_line' id='line_1_22' title="bbox 918 4401 1388 4488; baseline -0.004 0"><span class='ocrx_word' id='word_1_172' title='bbox 918 4401 1388 4488; x_wconf 87' lang='lat' dir='ltr'>evolutum.</span> 
     </span>
    </p>
   </div>
   <div class='ocr_carea' id='block_1_11' title="bbox 706 4543 3539 4929">
    <p class='ocr_par' dir='ltr' id='par_1_12' title="bbox 706 4543 3539 4929">
     <span class='ocr_line' id='line_1_23' title="bbox 706 4543 3536 4664; baseline 0 -31"><span class='ocrx_word' id='word_1_173' title='bbox 706 4613 728 4633; x_wconf 91' lang='lat'><strong>.</strong></span> <span class='ocrx_word' id='word_1_174' title='bbox 762 4615 782 4635; x_wconf 90' lang='lat'><strong>.</strong></span> <span class='ocrx_word' id='word_1_175' title='bbox 815 4611 840 4635; x_wconf 86' lang='lat'><strong>.</strong></span> <span class='ocrx_word' id='word_1_176' title='bbox 871 4609 897 4638; x_wconf 85' lang='lat'><strong>.</strong></span> <span class='ocrx_word' id='word_1_177' title='bbox 925 4592 965 4657; x_wconf 88' lang='lat'>‚·</span> <span class='ocrx_word' id='word_1_178' title='bbox 986 4547 1186 4664; x_wconf 66' lang='lat' dir='ltr'>fig.=</span> <span class='ocrx_word' id='word_1_179' title='bbox 1226 4575 1309 4630; x_wconf 81' lang='lat'>2.</span> <span class='ocrx_word' id='word_1_180' title='bbox 1372 4545 1720 4660; x_wconf 83' lang='lat' dir='ltr'>Fungus</span> <span class='ocrx_word' id='word_1_181' title='bbox 1775 4547 1986 4632; x_wconf 85' lang='lat' dir='ltr'>alter</span> <span class='ocrx_word' id='word_1_182' title='bbox 2042 4545 2132 4630; x_wconf 92' lang='lat' dir='ltr'>in</span> <span class='ocrx_word' id='word_1_183' title='bbox 2186 4574 2337 4631; x_wconf 91' lang='lat' dir='ltr'>sua</span> <span class='ocrx_word' id='word_1_184' title='bbox 2394 4543 2698 4634; x_wconf 85' lang='lat' dir='ltr'>ultima</span> <span class='ocrx_word' id='word_1_185' title='bbox 2739 4564 3008 4633; x_wconf 86' lang='lat' dir='ltr'>aetate</span> <span class='ocrx_word' id='word_1_186' title='bbox 3047 4565 3130 4632; x_wconf 89' lang='lat' dir='ltr'>et</span> <span class='ocrx_word' id='word_1_187' title='bbox 3185 4548 3273 4634; x_wconf 92' lang='lat' dir='ltr'>in</span> <span class='ocrx_word' id='word_1_188' title='bbox 3330 4551 3536 4657; x_wconf 86' lang='lat' dir='ltr'>situ,</span> 
     </span>
     <span class='ocr_line' id='line_1_24' title="bbox 910 4684 3539 4806; baseline 0.001 -33"><span class='ocrx_word' id='word_1_189' title='bbox 910 4720 1085 4805; x_wconf 89' lang='lat' dir='ltr'>quo</span> <span class='ocrx_word' id='word_1_190' title='bbox 1138 4690 1310 4803; x_wconf 87' lang='lat' dir='ltr'>ipse</span> <span class='ocrx_word' id='word_1_191' title='bbox 1368 4689 1666 4803; x_wconf 85' lang='lat' dir='ltr'>pileus,</span> <span class='ocrx_word' id='word_1_192' title='bbox 1713 4706 2075 4803; x_wconf 85' lang='lat' dir='ltr'>superna</span> <span class='ocrx_word' id='word_1_193' title='bbox 2130 4684 2525 4800; x_wconf 84' lang='lat' dir='ltr'>hymenii</span> <span class='ocrx_word' id='word_1_194' title='bbox 2554 4715 2823 4802; x_wconf 85' lang='lat' dir='ltr'>pars,</span> <span class='ocrx_word' id='word_1_195' title='bbox 2884 4707 3144 4806; x_wconf 87' lang='lat' dir='ltr'>atque</span> <span class='ocrx_word' id='word_1_196' title='bbox 3179 4690 3539 4778; x_wconf 86' lang='lat' dir='ltr'>annulus</span> 
     </span>
     <span class='ocr_line' id='line_1_25' title="bbox 912 4816 3044 4929; baseline -0.006 -3"><span class='ocrx_word' id='word_1_197' title='bbox 912 4841 1492 4929; x_wconf 84' lang='lat' dir='ltr'>observantur.</span> <span class='ocrx_word' id='word_1_198' title='bbox 3031 4816 3044 4827; x_wconf 51' lang='lat'><strong>⁴</strong></span> 
     </span>
    </p>
   </div>
   <div class='ocr_carea' id='block_1_12' title="bbox 2682 5117 2729 5160">
    <p class='ocr_par' dir='ltr' id='par_1_13' title="bbox 2682 5117 2729 5160">
     <span class='ocr_line' id='line_1_26' title="bbox 2682 5117 2729 5160; baseline 0 0"><span class='ocrx_word' id='word_1_199' title='bbox 2682 5117 2729 5160; x_wconf 62' lang='lat' dir='ltr'>‘k</span> 
     </span>
    </p>
   </div>
  </div>
 </body>
</html>
