<?xml version="1.0" encoding="UTF-8"?>
<!DOCTYPE html PUBLIC "-//W3C//DTD XHTML 1.0 Transitional//EN"
    "http://www.w3.org/TR/xhtml1/DTD/xhtml1-transitional.dtd">
<html xmlns="http://www.w3.org/1999/xhtml" xml:lang="en" lang="en">
 <head>
  <title>
</title>
<meta http-equiv="Content-Type" content="text/html;charset=utf-8" />
  <meta name='ocr-system' content='tesseract 3.04.00' />
  <meta name='ocr-capabilities' content='ocr_page ocr_carea ocr_par ocr_line ocrx_word'/>
</head>
<body>
  <div class='ocr_page' id='page_1' title='image "./historiafungoru00briggoog_0061.png"; bbox 0 0 5234 6725; ppageno 0'>
   <div class='ocr_carea' id='block_1_1' title="bbox 1882 765 2167 882">
    <p class='ocr_par' dir='ltr' id='par_1_1' title="bbox 1882 765 2167 882">
     <span class='ocr_line' id='line_1_1' title="bbox 1882 765 2167 882; baseline 0.004 -29"><span class='ocrx_word' id='word_1_1' title='bbox 1882 777 1929 876; x_wconf 84' lang='grc'><strong>(,</strong></span> <span class='ocrx_word' id='word_1_2' title='bbox 1975 765 2167 882; x_wconf 83' lang='lat'><strong>55)</strong></span> 
     </span>
    </p>
   </div>
   <div class='ocr_carea' id='block_1_2' title="bbox 581 943 3442 1247">
    <p class='ocr_par' dir='ltr' id='par_1_2' title="bbox 581 943 3442 1247">
     <span class='ocr_line' id='line_1_2' title="bbox 583 943 3434 1032; baseline -0 -21"><span class='ocrx_word' id='word_1_3' title='bbox 583 965 726 1011; x_wconf 80' lang='lat' dir='ltr'><strong>tom.</strong></span> <span class='ocrx_word' id='word_1_4' title='bbox 771 948 889 1024; x_wconf 87' lang='lat' dir='ltr'><strong>IV,</strong></span> <span class='ocrx_word' id='word_1_5' title='bbox 933 965 1066 1031; x_wconf 80' lang='lat' dir='ltr'><strong>pag.</strong></span> <span class='ocrx_word' id='word_1_6' title='bbox 1124 947 1196 1009; x_wconf 84' lang='lat'><strong>15</strong></span> <span class='ocrx_word' id='word_1_7' title='bbox 1210 991 1229 1023; x_wconf 93' lang='lat'><strong>,</strong></span> <span class='ocrx_word' id='word_1_8' title='bbox 1276 944 1395 1006; x_wconf 86' lang='lat' dir='ltr'><strong>tab.</strong></span> <span class='ocrx_word' id='word_1_9' title='bbox 1444 944 1516 1008; x_wconf 85' lang='lat'><strong>31</strong></span> <span class='ocrx_word' id='word_1_10' title='bbox 1565 943 1777 1030; x_wconf 79' lang='lat' dir='ltr'><strong>(juxta</strong></span> <span class='ocrx_word' id='word_1_11' title='bbox 1819 966 2126 1006; x_wconf 87' lang='lat' dir='ltr'><strong>erroneam</strong></span> <span class='ocrx_word' id='word_1_12' title='bbox 2168 947 2580 1010; x_wconf 84' lang='lat' dir='ltr'><strong>auctoritatem</strong></span> <span class='ocrx_word' id='word_1_13' title='bbox 2611 948 2791 1011; x_wconf 71' lang='lat' dir='ltr'><strong>Pnas.</strong></span> <span class='ocrx_word' id='word_1_14' title='bbox 2831 947 2895 1009; x_wconf 90' lang='lat' dir='ltr'><strong>in</strong></span> <span class='ocrx_word' id='word_1_15' title='bbox 2937 947 3101 1032; x_wconf 83' lang='lat' dir='ltr'><strong>Myc.</strong></span> <span class='ocrx_word' id='word_1_16' title='bbox 3129 962 3187 1010; x_wconf 90' lang='lat' dir='ltr'><strong>et</strong></span> <span class='ocrx_word' id='word_1_17' title='bbox 3223 948 3340 1009; x_wconf 72' lang='lat' dir='ltr'><strong>Fa.</strong></span> <span class='ocrx_word' id='word_1_18' title='bbox 3371 949 3434 1010; x_wconf 87' lang='lat' dir='ltr'><strong>in</strong></span> 
     </span>
     <span class='ocr_line' id='line_1_3' title="bbox 583 1052 3442 1142; baseline -0 -23"><span class='ocrx_word' id='word_1_19' title='bbox 583 1059 741 1142; x_wconf 82' lang='lat' dir='ltr'><strong>Syst.</strong></span> <span class='ocrx_word' id='word_1_20' title='bbox 782 1057 899 1118; x_wconf 88' lang='lat' dir='ltr'><strong>loc.</strong></span> <span class='ocrx_word' id='word_1_21' title='bbox 931 1056 1033 1118; x_wconf 85' lang='lat' dir='ltr'><strong>cit.</strong></span> <span class='ocrx_word' id='word_1_22' title='bbox 1063 1056 1087 1138; x_wconf 90' lang='lat'><em>)</em></span> <span class='ocrx_word' id='word_1_23' title='bbox 1116 1091 1140 1102; x_wconf 94' lang='lat'><em>-</em></span> <span class='ocrx_word' id='word_1_24' title='bbox 1173 1058 1383 1135; x_wconf 77' lang='lat' dir='ltr'><strong>Agar.</strong></span> <span class='ocrx_word' id='word_1_25' title='bbox 1429 1063 1691 1128; x_wconf 75' lang='lat' dir='ltr'><strong>nutans,</strong></span> <span class='ocrx_word' id='word_1_26' title='bbox 1743 1053 2026 1117; x_wconf 72' lang='lat' dir='ltr'><strong>Sowsnn.</strong></span> <span class='ocrx_word' id='word_1_27' title='bbox 2078 1053 2275 1137; x_wconf 81' lang='lat' dir='ltr'><strong>Fung.</strong></span> <span class='ocrx_word' id='word_1_28' title='bbox 2323 1054 2441 1116; x_wconf 81' lang='lat' dir='ltr'><strong>tab.</strong></span> <span class='ocrx_word' id='word_1_29' title='bbox 2471 1074 2548 1135; x_wconf 78' lang='lat'><strong>92</strong></span> <span class='ocrx_word' id='word_1_30' title='bbox 2592 1052 2809 1136; x_wconf 87' lang='lat' dir='ltr'><strong>(mera</strong></span> <span class='ocrx_word' id='word_1_31' title='bbox 2848 1053 3035 1135; x_wconf 80' lang='lat' dir='ltr'><strong>hujus</strong></span> <span class='ocrx_word' id='word_1_32' title='bbox 3075 1055 3292 1137; x_wconf 71' lang='lat' dir='ltr'><strong>speciei</strong></span> <span class='ocrx_word' id='word_1_33' title='bbox 3333 1076 3442 1118; x_wconf 85' lang='lat' dir='ltr'><strong>va-</strong></span> 
     </span>
     <span class='ocr_line' id='line_1_4' title="bbox 581 1165 1112 1247; baseline -0.008 -17"><span class='ocrx_word' id='word_1_34' title='bbox 581 1170 754 1229; x_wconf 82' lang='lat' dir='ltr'><strong>rietas</strong></span> <span class='ocrx_word' id='word_1_35' title='bbox 796 1165 1112 1247; x_wconf 73' lang='lat' dir='ltr'><strong>videtur).</strong></span> 
     </span>
    </p>
   </div>
   <div class='ocr_carea' id='block_1_3' title="bbox 586 1427 3436 1692">
    <p class='ocr_par' dir='ltr' id='par_1_3' title="bbox 586 1427 3436 1692">
     <span class='ocr_line' id='line_1_5' title="bbox 814 1427 3436 1542; baseline -0.001 -29"><span class='ocrx_word' id='word_1_36' title='bbox 814 1429 1210 1515; x_wconf 90' lang='lat' dir='ltr'><strong>Provenit</strong></span> <span class='ocrx_word' id='word_1_37' title='bbox 1267 1446 1435 1512; x_wconf 90' lang='lat' dir='ltr'><strong>oct.</strong></span> <span class='ocrx_word' id='word_1_38' title='bbox 1485 1476 1522 1492; x_wconf 91' lang='lat'><em>-</em></span> <span class='ocrx_word' id='word_1_39' title='bbox 1562 1458 1800 1533; x_wconf 83' lang='lat' dir='ltr'><strong>nov.,</strong></span> <span class='ocrx_word' id='word_1_40' title='bbox 1862 1448 2044 1540; x_wconf 88' lang='lat' dir='ltr'><strong>post</strong></span> <span class='ocrx_word' id='word_1_41' title='bbox 2103 1430 2472 1541; x_wconf 87' lang='lat' dir='ltr'><strong>copiosas</strong></span> <span class='ocrx_word' id='word_1_42' title='bbox 2530 1427 2905 1542; x_wconf 67' lang='lat' dir='ltr'><strong>pluvias»,</strong></span> <span class='ocrx_word' id='word_1_43' title='bbox 2950 1427 3057 1514; x_wconf 90' lang='lat' dir='ltr'><strong>ad</strong></span> <span class='ocrx_word' id='word_1_44' title='bbox 3095 1449 3436 1514; x_wconf 89' lang='lat' dir='ltr'><strong>truncos</strong></span> 
     </span>
     <span class='ocr_line' id='line_1_6' title="bbox 586 1569 3015 1692; baseline -0.002 -33"><span class='ocrx_word' id='word_1_45' title='bbox 586 1603 1025 1686; x_wconf 85' lang='lat' dir='ltr'><strong>ramosque</strong></span> <span class='ocrx_word' id='word_1_46' title='bbox 1080 1570 1551 1657; x_wconf 87' lang='lat' dir='ltr'><strong>emarcidos</strong></span> <span class='ocrx_word' id='word_1_47' title='bbox 1608 1572 1695 1656; x_wconf 92' lang='lat' dir='ltr'><strong>in</strong></span> <span class='ocrx_word' id='word_1_48' title='bbox 1753 1569 2198 1692; x_wconf 80' lang='lat' dir='ltr'><strong>sylvaticis</strong></span> <span class='ocrx_word' id='word_1_49' title='bbox 2250 1573 2470 1655; x_wconf 82' lang='lat' dir='ltr'><strong>circa</strong></span> <span class='ocrx_word' id='word_1_50' title='bbox 2529 1569 3015 1683; x_wconf 85' lang='lat' dir='ltr'>Neapolim.</span> 
     </span>
    </p>
   </div>
   <div class='ocr_carea' id='block_1_4' title="bbox 576 1858 3447 3550">
    <p class='ocr_par' dir='ltr' id='par_1_4' title="bbox 576 1858 3447 3550">
     <span class='ocr_line' id='line_1_7' title="bbox 812 1858 3439 1977; baseline 0.002 -31"><span class='ocrx_word' id='word_1_51' title='bbox 812 1865 1004 1949; x_wconf 82' lang='lat'><strong>0138.</strong></span> <span class='ocrx_word' id='word_1_52' title='bbox 1036 1910 1074 1924; x_wconf 91' lang='lat'>-</span> <span class='ocrx_word' id='word_1_53' title='bbox 1112 1861 1649 1947; x_wconf 82' lang='lat' dir='ltr'><strong>Caulescente</strong></span> <span class='ocrx_word' id='word_1_54' title='bbox 1708 1858 1971 1970; x_wconf 83' lang='lat' dir='ltr'><strong>figura</strong></span> <span class='ocrx_word' id='word_1_55' title='bbox 2009 1889 2339 1974; x_wconf 83' lang='lat' dir='ltr'><strong>semper</strong></span> <span class='ocrx_word' id='word_1_56' title='bbox 2383 1858 2594 1944; x_wconf 86' lang='lat' dir='ltr'><strong>haec</strong></span> <span class='ocrx_word' id='word_1_57' title='bbox 2659 1860 3082 1972; x_wconf 87' lang='lat' dir='ltr'><strong>pulchella</strong></span> <span class='ocrx_word' id='word_1_58' title='bbox 3125 1865 3439 1977; x_wconf 80' lang='lat' dir='ltr'><strong>species</strong></span> 
     </span>
     <span class='ocr_line' id='line_1_8' title="bbox 584 1981 3434 2126; baseline 0.001 -38"><span class='ocrx_word' id='word_1_59' title='bbox 584 2038 667 2088; x_wconf 88' lang='lat' dir='ltr'><strong>se</strong></span> <span class='ocrx_word' id='word_1_60' title='bbox 724 2005 997 2089; x_wconf 87' lang='lat' dir='ltr'><strong>offert.</strong></span> <span class='ocrx_word' id='word_1_61' title='bbox 1046 2001 1366 2087; x_wconf 73' lang='lat' dir='ltr'><strong>Plleus</strong></span> <span class='ocrx_word' id='word_1_62' title='bbox 1406 2002 1514 2085; x_wconf 85' lang='lat' dir='ltr'><strong>ab</strong></span> <span class='ocrx_word' id='word_1_63' title='bbox 1558 2000 1797 2086; x_wconf 86' lang='lat' dir='ltr'><strong>initio</strong></span> <span class='ocrx_word' id='word_1_64' title='bbox 1839 1981 2215 2105; x_wconf 78' lang='lat' dir='ltr'><strong>conicus,</strong></span> <span class='ocrx_word' id='word_1_65' title='bbox 2262 2003 2639 2118; x_wconf 81' lang='lat' dir='ltr'><strong>stipitem</strong></span> <span class='ocrx_word' id='word_1_66' title='bbox 2671 2005 3053 2126; x_wconf 15' lang='lat' dir='ltr'><strong>&#39;margine</strong></span> <span class='ocrx_word' id='word_1_67' title='bbox 3093 2005 3434 2094; x_wconf 82' lang='lat' dir='ltr'><strong>dentato</strong></span> 
     </span>
     <span class='ocr_line' id='line_1_9' title="bbox 584 2130 3441 2260; baseline 0 -25"><span class='ocrx_word' id='word_1_68' title='bbox 584 2168 812 2235; x_wconf 85' lang='lat' dir='ltr'><strong>arcte</strong></span> <span class='ocrx_word' id='word_1_69' title='bbox 852 2147 1148 2259; x_wconf 82' lang='lat' dir='ltr'><strong>cingit,</strong></span> <span class='ocrx_word' id='word_1_70' title='bbox 1188 2165 1478 2260; x_wconf 89' lang='lat' dir='ltr'><strong>postea</strong></span> <span class='ocrx_word' id='word_1_71' title='bbox 1519 2144 2455 2258; x_wconf 86' lang='lat' dir='ltr'><strong>subhemisphaericus,</strong></span> <span class='ocrx_word' id='word_1_72' title='bbox 2499 2130 2889 2232; x_wconf 84' lang='lat' dir='ltr'><strong>dentibus</strong></span> <span class='ocrx_word' id='word_1_73' title='bbox 2930 2178 3441 2236; x_wconf 85' lang='lat' dir='ltr'><strong>evanescen-</strong></span> 
     </span>
     <span class='ocr_line' id='line_1_10' title="bbox 580 2291 3443 2407; baseline 0.001 -28"><span class='ocrx_word' id='word_1_74' title='bbox 580 2298 855 2399; x_wconf 84' lang='lat' dir='ltr'><strong>tibus,</strong></span> <span class='ocrx_word' id='word_1_75' title='bbox 899 2291 1335 2407; x_wconf 87' lang='lat' dir='ltr'><strong>superficie</strong></span> <span class='ocrx_word' id='word_1_76' title='bbox 1375 2291 1688 2378; x_wconf 84' lang='lat' dir='ltr'><strong>sulcata</strong></span> <span class='ocrx_word' id='word_1_77' title='bbox 1718 2307 1752 2400; x_wconf 82' lang='lat'><strong>3‘</strong></span> <span class='ocrx_word' id='word_1_78' title='bbox 1806 2310 1893 2376; x_wconf 91' lang='lat' dir='ltr'><strong>et</strong></span> <span class='ocrx_word' id='word_1_79' title='bbox 1923 2357 1953 2397; x_wconf 95' lang='lat'><strong>,</strong></span> <span class='ocrx_word' id='word_1_80' title='bbox 2016 2310 2408 2377; x_wconf 87' lang='lat' dir='ltr'><strong>monente</strong></span> <span class='ocrx_word' id='word_1_81' title='bbox 2466 2292 2570 2377; x_wconf 90' lang='lat' dir='ltr'><strong>cl.</strong></span> <span class='ocrx_word' id='word_1_82' title='bbox 2637 2292 2982 2380; x_wconf 75' lang='lat' dir='ltr'><strong>ansIo</strong></span> <span class='ocrx_word' id='word_1_83' title='bbox 3002 2361 3031 2400; x_wconf 94' lang='lat'><strong>,</strong></span> <span class='ocrx_word' id='word_1_84' title='bbox 3077 2324 3127 2376; x_wconf 88' lang='lat'>»</span> <span class='ocrx_word' id='word_1_85' title='bbox 3169 2325 3443 2382; x_wconf 90' lang='lat' dir='ltr'><strong>mem-</strong></span> 
     </span>
     <span class='ocr_line' id='line_1_11' title="bbox 582 2424 3439 2547; baseline -0.001 -20"><span class='ocrx_word' id='word_1_86' title='bbox 582 2444 850 2527; x_wconf 85' lang='lat' dir='ltr'><strong>brana</strong></span> <span class='ocrx_word' id='word_1_87' title='bbox 891 2424 1205 2526; x_wconf 58' lang='lat' dir='ltr'><strong>viscosa</strong></span> <span class='ocrx_word' id='word_1_88' title='bbox 1244 2439 1332 2522; x_wconf 92' lang='lat' dir='ltr'><strong>in</strong></span> <span class='ocrx_word' id='word_1_89' title='bbox 1375 2435 1762 2522; x_wconf 86' lang='lat' dir='ltr'><strong>humidis</strong></span> <span class='ocrx_word' id='word_1_90' title='bbox 1803 2436 2274 2521; x_wconf 89' lang='lat' dir='ltr'><strong>secernibili</strong></span> <span class='ocrx_word' id='word_1_91' title='bbox 2313 2437 2607 2521; x_wconf 84' lang='lat' dir='ltr'><strong>tectus!</strong></span> <span class='ocrx_word' id='word_1_92' title='bbox 2646 2466 2697 2520; x_wconf 83' lang='lat'>»</span> <span class='ocrx_word' id='word_1_93' title='bbox 2729 2450 2846 2547; x_wconf 50' lang='lat' dir='ltr'><strong>{a</strong></span> <span class='ocrx_word' id='word_1_94' title='bbox 2880 2466 2916 2520; x_wconf 92' lang='lat'>1</span> <span class='ocrx_word' id='word_1_95' title='bbox 2955 2469 3153 2524; x_wconf 91' lang='lat' dir='ltr'><strong>unc.</strong></span> <span class='ocrx_word' id='word_1_96' title='bbox 3192 2441 3439 2524; x_wconf 88' lang='lat' dir='ltr'><strong>latus.</strong></span> 
     </span>
     <span class='ocr_line' id='line_1_12' title="bbox 580 2580 3446 2698; baseline -0.001 -24"><span class='ocrx_word' id='word_1_97' title='bbox 580 2583 1055 2674; x_wconf 81' lang='lat' dir='ltr'><strong>Lamellae</strong></span> <span class='ocrx_word' id='word_1_98' title='bbox 1111 2583 1468 2669; x_wconf 85' lang='lat' dir='ltr'><strong>adnatae</strong></span> <span class='ocrx_word' id='word_1_99' title='bbox 1503 2647 1529 2689; x_wconf 94' lang='lat'><strong>,</strong></span> <span class='ocrx_word' id='word_1_100' title='bbox 1574 2581 2100 2696; x_wconf 81' lang='lat' dir='ltr'><strong>inaequales,</strong></span> <span class='ocrx_word' id='word_1_101' title='bbox 2147 2581 2235 2666; x_wconf 91' lang='lat' dir='ltr'><strong>in</strong></span> <span class='ocrx_word' id='word_1_102' title='bbox 2277 2580 2693 2696; x_wconf 86' lang='lat' dir='ltr'><strong>triplicem</strong></span> <span class='ocrx_word' id='word_1_103' title='bbox 2734 2583 3120 2669; x_wconf 86' lang='lat' dir='ltr'><strong>ordinem</strong></span> <span class='ocrx_word' id='word_1_104' title='bbox 3166 2583 3446 2698; x_wconf 89' lang='lat' dir='ltr'><strong>dispo-</strong></span> 
     </span>
     <span class='ocr_line' id='line_1_13' title="bbox 580 2705 3440 2841; baseline 0 -29"><span class='ocrx_word' id='word_1_105' title='bbox 580 2730 823 2826; x_wconf 83' lang='lat' dir='ltr'><strong>sitae3</strong></span> <span class='ocrx_word' id='word_1_106' title='bbox 863 2726 1208 2812; x_wconf 84' lang='lat' dir='ltr'><strong>latiores</strong></span> <span class='ocrx_word' id='word_1_107' title='bbox 1247 2727 1398 2813; x_wconf 83' lang='lat' dir='ltr'><strong>vix</strong></span> <span class='ocrx_word' id='word_1_108' title='bbox 1448 2756 1480 2809; x_wconf 93' lang='lat'>1</span> <span class='ocrx_word' id='word_1_109' title='bbox 1529 2724 1582 2832; x_wconf 75' lang='lat'><strong>{-</strong></span> <span class='ocrx_word' id='word_1_110' title='bbox 1635 2725 1791 2809; x_wconf 87' lang='lat' dir='ltr'><strong>lin.</strong></span> <span class='ocrx_word' id='word_1_111' title='bbox 1839 2744 2228 2840; x_wconf 89' lang='lat' dir='ltr'><strong>aequant.</strong></span> <span class='ocrx_word' id='word_1_112' title='bbox 2290 2726 2578 2841; x_wconf 68' lang='lat' dir='ltr'><strong>Stcpes</strong></span> <span class='ocrx_word' id='word_1_113' title='bbox 2634 2705 2894 2832; x_wconf 75' lang='lat' dir='ltr'><strong>teres,</strong></span> <span class='ocrx_word' id='word_1_114' title='bbox 2953 2724 3379 2813; x_wconf 86' lang='lat' dir='ltr'><strong>fistulosus</strong></span> <span class='ocrx_word' id='word_1_115' title='bbox 3408 2794 3440 2832; x_wconf 91' lang='lat'><strong>,</strong></span> 
     </span>
     <span class='ocr_line' id='line_1_14' title="bbox 585 2866 3442 2987; baseline 0 -31"><span class='ocrx_word' id='word_1_116' title='bbox 585 2902 629 2956; x_wconf 81' lang='lat'><strong>2</strong></span> <span class='ocrx_word' id='word_1_117' title='bbox 668 2896 786 2987; x_wconf 53' lang='lat'><strong>3¹..—</strong></span> <span class='ocrx_word' id='word_1_118' title='bbox 842 2888 897 2971; x_wconf 88' lang='grc'>4</span> <span class='ocrx_word' id='word_1_119' title='bbox 955 2899 1147 2953; x_wconf 92' lang='lat' dir='ltr'><strong>unc.</strong></span> <span class='ocrx_word' id='word_1_120' title='bbox 1207 2869 1545 2980; x_wconf 86' lang='lat' dir='ltr'><strong>longus,</strong></span> <span class='ocrx_word' id='word_1_121' title='bbox 1607 2868 1831 2953; x_wconf 84' lang='lat' dir='ltr'><strong>ultra</strong></span> <span class='ocrx_word' id='word_1_122' title='bbox 1889 2867 2042 2953; x_wconf 90' lang='lat' dir='ltr'><strong>lin.</strong></span> <span class='ocrx_word' id='word_1_123' title='bbox 2120 2898 2153 2953; x_wconf 91' lang='lat'>1</span> <span class='ocrx_word' id='word_1_124' title='bbox 2221 2896 2593 2973; x_wconf 79' lang='lat' dir='ltr'><strong>crassuS,</strong></span> <span class='ocrx_word' id='word_1_125' title='bbox 2680 2866 2866 2953; x_wconf 86' lang='lat' dir='ltr'><strong>basi</strong></span> <span class='ocrx_word' id='word_1_126' title='bbox 2922 2870 3442 2957; x_wconf 83' lang='lat' dir='ltr'><strong>tenuissimis</strong></span> 
     </span>
     <span class='ocr_line' id='line_1_15' title="bbox 581 3011 3440 3128; baseline 0.001 -30"><span class='ocrx_word' id='word_1_127' title='bbox 581 3013 907 3099; x_wconf 87' lang='lat' dir='ltr'><strong>fibrillis</strong></span> <span class='ocrx_word' id='word_1_128' title='bbox 946 3031 1315 3097; x_wconf 86' lang='lat' dir='ltr'><strong>ornatus.</strong></span> <span class='ocrx_word' id='word_1_129' title='bbox 1363 3011 1612 3098; x_wconf 90' lang='lat' dir='ltr'><strong>Color</strong></span> <span class='ocrx_word' id='word_1_130' title='bbox 1668 3029 1843 3096; x_wconf 87' lang='lat' dir='ltr'><strong>tam</strong></span> <span class='ocrx_word' id='word_1_131' title='bbox 1908 3011 2101 3125; x_wconf 79' lang='lat' dir='ltr'><strong>pilei</strong></span> <span class='ocrx_word' id='word_1_132' title='bbox 2163 3040 2426 3126; x_wconf 88' lang='lat' dir='ltr'><strong>quam</strong></span> <span class='ocrx_word' id='word_1_133' title='bbox 2484 3013 3025 3100; x_wconf 87' lang='lat' dir='ltr'><strong>lamellarum</strong></span> <span class='ocrx_word' id='word_1_134' title='bbox 3064 3014 3440 3128; x_wconf 88' lang='lat' dir='ltr'><strong>perbelle</strong></span> 
     </span>
     <span class='ocr_line' id='line_1_16' title="bbox 580 3152 3438 3269; baseline 0.001 -31"><span class='ocrx_word' id='word_1_135' title='bbox 580 3153 915 3257; x_wconf 84' lang='lat' dir='ltr'><strong>variat,</strong></span> <span class='ocrx_word' id='word_1_136' title='bbox 977 3181 1204 3236; x_wconf 88' lang='lat' dir='ltr'><strong>nunc</strong></span> <span class='ocrx_word' id='word_1_137' title='bbox 1290 3152 1581 3254; x_wconf 90' lang='lat' dir='ltr'><strong>albus,</strong></span> <span class='ocrx_word' id='word_1_138' title='bbox 1663 3179 1890 3236; x_wconf 90' lang='lat' dir='ltr'><strong>nunc</strong></span> <span class='ocrx_word' id='word_1_139' title='bbox 1967 3154 2410 3257; x_wconf 84' lang='lat' dir='ltr'><strong>cinereus,</strong></span> <span class='ocrx_word' id='word_1_140' title='bbox 2486 3154 3009 3269; x_wconf 88' lang='lat' dir='ltr'><strong>quandoque</strong></span> <span class='ocrx_word' id='word_1_141' title='bbox 3068 3159 3438 3263; x_wconf 85' lang='lat' dir='ltr'><strong>caesius,</strong></span> 
     </span>
     <span class='ocr_line' id='line_1_17' title="bbox 576 3289 3447 3413; baseline 0.002 -37"><span class='ocrx_word' id='word_1_142' title='bbox 576 3291 910 3398; x_wconf 88' lang='lat' dir='ltr'><strong>flavus,</strong></span> <span class='ocrx_word' id='word_1_143' title='bbox 971 3291 1489 3377; x_wconf 83' lang='lat' dir='ltr'><strong>subcarncus</strong></span> <span class='ocrx_word' id='word_1_144' title='bbox 1520 3356 1547 3397; x_wconf 99' lang='lat'><strong>,</strong></span> <span class='ocrx_word' id='word_1_145' title='bbox 1609 3289 1878 3378; x_wconf 87' lang='lat' dir='ltr'><strong>rufus.</strong></span> <span class='ocrx_word' id='word_1_146' title='bbox 1943 3290 2184 3378; x_wconf 88' lang='lat' dir='ltr'><strong>Odor</strong></span> <span class='ocrx_word' id='word_1_147' title='bbox 2241 3291 2592 3402; x_wconf 87' lang='lat' dir='ltr'><strong>debilis,</strong></span> <span class='ocrx_word' id='word_1_148' title='bbox 2672 3291 3111 3408; x_wconf 79' lang='lat' dir='ltr'><strong>funginus3</strong></span> <span class='ocrx_word' id='word_1_149' title='bbox 3197 3326 3447 3413; x_wconf 84' lang='lat' dir='ltr'><strong>sapor</strong></span> 
     </span>
     <span class='ocr_line' id='line_1_18' title="bbox 578 3432 2744 3550; baseline -0 -29"><span class='ocrx_word' id='word_1_150' title='bbox 578 3465 989 3522; x_wconf 86' lang='lat' dir='ltr'><strong>mucosus.</strong></span> <span class='ocrx_word' id='word_1_151' title='bbox 1032 3434 1287 3521; x_wconf 82' lang='lat' dir='ltr'><strong>Caret</strong></span> <span class='ocrx_word' id='word_1_152' title='bbox 1326 3433 1667 3519; x_wconf 89' lang='lat' dir='ltr'><strong>nomine</strong></span> <span class='ocrx_word' id='word_1_153' title='bbox 1705 3432 1938 3550; x_wconf 89' lang='lat' dir='ltr'><strong>apud</strong></span> <span class='ocrx_word' id='word_1_154' title='bbox 1996 3432 2381 3547; x_wconf 69' lang='lat' dir='ltr'><strong>plebem,</strong></span> <span class='ocrx_word' id='word_1_155' title='bbox 2441 3435 2744 3522; x_wconf 88' lang='lat' dir='ltr'><strong>inanis.</strong></span> 
     </span>
    </p>
   </div>
   <div class='ocr_carea' id='block_1_5' title="bbox 1362 3756 2713 3818">
    <p class='ocr_par' dir='ltr' id='par_1_5' title="bbox 1362 3756 2713 3818">
     <span class='ocr_line' id='line_1_19' title="bbox 1362 3756 2713 3818; baseline -0.001 -4"><span class='ocrx_word' id='word_1_156' title='bbox 1362 3758 1836 3817; x_wconf 84' lang='lat' dir='ltr'><strong>IOONU&#39;M</strong></span> <span class='ocrx_word' id='word_1_157' title='bbox 1924 3756 2713 3818; x_wconf 83' lang='lat' dir='ltr'><strong>EXPLICATIO.</strong></span> 
     </span>
    </p>
   </div>
   <div class='ocr_carea' id='block_1_6' title="bbox 582 4134 3435 4675">
    <p class='ocr_par' dir='ltr' id='par_1_6' title="bbox 582 4134 3434 4252">
     <span class='ocr_line' id='line_1_20' title="bbox 582 4134 3434 4252; baseline 0.001 -31"><span class='ocrx_word' id='word_1_158' title='bbox 582 4137 808 4221; x_wconf 80' lang='grc' dir='ltr'><strong>ΤΑΒ.</strong></span> <span class='ocrx_word' id='word_1_159' title='bbox 857 4134 1154 4241; x_wconf 87' lang='lat' dir='ltr'>XVII,</span> <span class='ocrx_word' id='word_1_160' title='bbox 1261 4163 1344 4248; x_wconf 82' lang='lat' dir='ltr'><strong>g.</strong></span> <span class='ocrx_word' id='word_1_161' title='bbox 1397 4164 1468 4222; x_wconf 68' lang='grc' dir='ltr'><strong>ι.</strong></span> <span class='ocrx_word' id='word_1_162' title='bbox 1515 4137 2012 4252; x_wconf 88' lang='lat' dir='ltr'><strong>Complures</strong></span> <span class='ocrx_word' id='word_1_163' title='bbox 2053 4137 2292 4250; x_wconf 87' lang='lat' dir='ltr'><strong>fungi</strong></span> <span class='ocrx_word' id='word_1_164' title='bbox 2349 4137 2743 4225; x_wconf 84' lang='lat' dir='ltr'><strong>diversae</strong></span> <span class='ocrx_word' id='word_1_165' title='bbox 2800 4138 3434 4249; x_wconf 67' lang='lat' dir='ltr'><strong>magnitudinis»,</strong></span> 
     </span>
    </p>

    <p class='ocr_par' dir='ltr' id='par_1_7' title="bbox 803 4278 3432 4397">
     <span class='ocr_line' id='line_1_21' title="bbox 803 4278 3432 4397; baseline 0.001 -32"><span class='ocrx_word' id='word_1_166' title='bbox 803 4281 1130 4366; x_wconf 80' lang='lat' dir='ltr'><strong>formae</strong></span> <span class='ocrx_word' id='word_1_167' title='bbox 1187 4310 1285 4366; x_wconf 87' lang='lat' dir='ltr'><strong>ac</strong></span> <span class='ocrx_word' id='word_1_168' title='bbox 1343 4284 1685 4388; x_wconf 89' lang='lat' dir='ltr'><strong>aetatis,</strong></span> <span class='ocrx_word' id='word_1_169' title='bbox 1746 4313 1791 4367; x_wconf 82' lang='lat' dir='ltr'><strong>a</strong></span> <span class='ocrx_word' id='word_1_170' title='bbox 1852 4283 2220 4369; x_wconf 85' lang='lat' dir='ltr'><strong>frustulo</strong></span> <span class='ocrx_word' id='word_1_171' title='bbox 2280 4285 2484 4395; x_wconf 86' lang='lat' dir='ltr'><strong>ligni</strong></span> <span class='ocrx_word' id='word_1_172' title='bbox 2543 4278 3091 4397; x_wconf 81' lang='lat' dir='ltr'><strong>semiputridi</strong></span> <span class='ocrx_word' id='word_1_173' title='bbox 3132 4283 3432 4370; x_wconf 84' lang='lat' dir='ltr'><strong>exorti.</strong></span> 
     </span>
    </p>

    <p class='ocr_par' dir='ltr' id='par_1_8' title="bbox 707 4417 3435 4675">
     <span class='ocr_line' id='line_1_22' title="bbox 707 4417 3435 4535; baseline 0.003 -33"><span class='ocrx_word' id='word_1_174' title='bbox 707 4479 729 4502; x_wconf 95' lang='lat'><strong>.</strong></span> <span class='ocrx_word' id='word_1_175' title='bbox 766 4480 786 4503; x_wconf 96' lang='lat'><strong>.</strong></span> <span class='ocrx_word' id='word_1_176' title='bbox 833 4483 859 4521; x_wconf 95' lang='lat'><strong>,</strong></span> <span class='ocrx_word' id='word_1_177' title='bbox 894 4417 1071 4533; x_wconf 83' lang='lat' dir='ltr'><strong>fig.</strong></span> <span class='ocrx_word' id='word_1_178' title='bbox 1142 4448 1224 4505; x_wconf 78' lang='lat'><strong>2.</strong></span> <span class='ocrx_word' id='word_1_179' title='bbox 1283 4419 1635 4533; x_wconf 82' lang='lat' dir='ltr'><strong>Fungus</strong></span> <span class='ocrx_word' id='word_1_180' title='bbox 1692 4421 2067 4535; x_wconf 75' lang='lat' dir='ltr'><strong>perfecte</strong></span> <span class='ocrx_word' id='word_1_181' title='bbox 2125 4422 2541 4528; x_wconf 67' lang='lat' dir='ltr'><strong>evolutus»,</strong></span> <span class='ocrx_word' id='word_1_182' title='bbox 2584 4439 2666 4508; x_wconf 90' lang='lat' dir='ltr'><strong>et</strong></span> <span class='ocrx_word' id='word_1_183' title='bbox 2705 4452 3090 4511; x_wconf 87' lang='lat' dir='ltr'><strong>seorsum</strong></span> <span class='ocrx_word' id='word_1_184' title='bbox 3127 4426 3435 4535; x_wconf 87' lang='lat' dir='ltr'><strong>pictus,</strong></span> 
     </span>
     <span class='ocr_line' id='line_1_23' title="bbox 810 4559 2973 4675; baseline 0.002 -31"><span class='ocrx_word' id='word_1_185' title='bbox 810 4559 1092 4675; x_wconf 85' lang='lat' dir='ltr'><strong>quoad</strong></span> <span class='ocrx_word' id='word_1_186' title='bbox 1151 4561 1452 4647; x_wconf 89' lang='lat' dir='ltr'><strong>coloris</strong></span> <span class='ocrx_word' id='word_1_187' title='bbox 1510 4560 1670 4646; x_wconf 87' lang='lat' dir='ltr'><strong>rufi</strong></span> <span class='ocrx_word' id='word_1_188' title='bbox 1734 4562 2264 4649; x_wconf 79' lang='lat' dir='ltr'><strong>varietatem.</strong></span> <span class='ocrx_word' id='word_1_189' title='bbox 2961 4576 2973 4586; x_wconf 85' lang='grc'><em>“</em></span> 
     </span>
    </p>
   </div>
   <div class='ocr_carea' id='block_1_7' title="bbox 708 4702 3435 4930">
    <p class='ocr_par' dir='ltr' id='par_1_9' title="bbox 708 4702 3435 4930">
     <span class='ocr_line' id='line_1_24' title="bbox 708 4702 3435 4822; baseline 0.002 -33"><span class='ocrx_word' id='word_1_190' title='bbox 708 4766 730 4789; x_wconf 91' lang='grc'><strong>.</strong></span> <span class='ocrx_word' id='word_1_191' title='bbox 765 4766 785 4789; x_wconf 92' lang='grc'><strong>.</strong></span> <span class='ocrx_word' id='word_1_192' title='bbox 831 4771 860 4809; x_wconf 85' lang='grc'>,</span> <span class='ocrx_word' id='word_1_193' title='bbox 891 4702 1067 4818; x_wconf 83' lang='lat' dir='ltr'><strong>fig.</strong></span> <span class='ocrx_word' id='word_1_194' title='bbox 1132 4706 1209 4791; x_wconf 83' lang='lat'><strong>3.</strong></span> <span class='ocrx_word' id='word_1_195' title='bbox 1270 4703 1827 4793; x_wconf 87' lang='lat' dir='ltr'><strong>Individuum</strong></span> <span class='ocrx_word' id='word_1_196' title='bbox 1887 4708 2207 4822; x_wconf 88' lang='lat' dir='ltr'><strong>pariter</strong></span> <span class='ocrx_word' id='word_1_197' title='bbox 2267 4726 2756 4815; x_wconf 87' lang='lat' dir='ltr'><strong>maturum,</strong></span> <span class='ocrx_word' id='word_1_198' title='bbox 2826 4736 2971 4821; x_wconf 88' lang='lat' dir='ltr'><strong>per</strong></span> <span class='ocrx_word' id='word_1_199' title='bbox 3030 4709 3435 4796; x_wconf 88' lang='lat' dir='ltr'><strong>verticem</strong></span> 
     </span>
     <span class='ocr_line' id='line_1_25' title="bbox 809 4864 3062 4930; baseline -0.004 0"><span class='ocrx_word' id='word_1_200' title='bbox 809 4864 1156 4930; x_wconf 86' lang='lat' dir='ltr'><strong>sectum.</strong></span> <span class='ocrx_word' id='word_1_201' title='bbox 3055 4870 3062 4875; x_wconf 88' lang='lat'><strong>·</strong></span> 
     </span>
    </p>
   </div>
  </div>
 </body>
</html>
