5234 6725
1653 936 1751 1043 R
1796 936 1885 1043 E
1931 937 2034 1046 G
2081 937 2126 1042 I
2175 940 2272 1048 A
2325 939 2411 1046 E

775 1182 1572 1275 SCIENTIARUM
1630 1183 2334 1276 ACADEMIAE)
2376 1131 3282 1282 ΝΕΑΡοιιΤΑΝᾸΕ

1373 1433 2070 1531 RRANclscns
2136 1434 2689 1511 smmum.

1079 2380 1604 2467 Gulussam
1661 2379 2099 2483 Pansa,
2156 2405 2711 2466 oRNA'rlssml
2768 2376 2990 2463 Vnu

598 2755 873 2942 Ctm
953 2872 1121 2933 non
1209 2845 1392 2933 sine
1450 2846 1741 2933 labore
1799 2874 1902 2930 ac
1962 2845 2426 2948 industria,
2489 2845 2985 2957 magnisque
3045 2843 3445 2958 impensis

596 2987 905 3072 multas
958 2986 1379 3074 rariorum
1444 2984 1895 3095 fungorum
1956 2986 2280 3106 species³
2309 2981 2874 3094 collegissem,
2918 3003 3309 3098 quartam
3355 3003 3438 3067 et

591 3110 985 3241 quintam
1073 3125 1335 3238 hujus
1404 3125 1639 3236 regni
1699 3124 2122 3210 Historiae
2184 3121 2752 3234 mycologicae
2785 3189 2812 3228 ,
2874 3153 3132 3238 quam
3195 3143 3435 3234 pater

588 3300 828 3359 meus
883 3267 1630 3357 desideratissimus
1687 3268 1949 3353 alacri
2005 3271 2298 3354 animo
2339 3267 2709 3381 incepit,
2753 3266 3439 3353 distributionem

586 3412 1113 3499 absolventes
1144 3475 1171 3519 ‚
1233 3439 1284 3494 a
1342 3437 1434 3494 re
1492 3406 1861 3497 alienum
1919 3406 2277 3496 minime
2336 3427 2565 3495 ratus
2621 3439 2812 3493 sum
2888 3407 3155 3496 Vobis
3185 3473 3211 3513 ,
3299 3435 3439 3492 ea-

586 3553 982 3641 rumdem
1042 3553 1646 3667 descriptiones
1703 3551 2094 3638 utillimis
2148 3551 3030 3641 animadversionibus
3084 3569 3369 3638 auctas
3400 3615 3429 3655 ,

584 3699 1047 3808 exhibere,
1103 3726 1316 3812 quas
1373 3694 1724 3812 perinde
1780 3723 1879 3780 ac
1934 3693 2141 3783 alias
2196 3696 2514 3804 hilari,
2578 3716 2676 3783 ut
2745 3697 3078 3802 soletis,
3153 3695 3431 3781 fronte

586 3854 1084 3952 excepturos
1139 3865 1313 3922 esse
1369 3833 1735 3922 confido.
1799 3834 1980 3921 Nec
2039 3835 2328 3921 distuli
2380 3838 2975 3924 etiam'earum
3016 3837 3427 3945 imagines

580 3984 837 4070 anxia
927 4009 1133 4067 cura
1210 3980 1321 4067 ad
1396 3997 1744 4065 naturae
1827 3982 2275 4066 veritatem
2361 3982 2706 4093 proprio
2764 3979 3160 4091 penicillo
3225 4007 3424 4091 pro-

581 4126 881 4212 ductas
965 4122 1282 4209 addere
1316 4186 1342 4229 ,
1427 4123 1744 4234 quibus
1827 4122 2048 4210 oculi
2130 4142 2357 4208 certe
2438 4140 2977 4236 pascerentur
3064 4148 3414 4224 eorum,

578 4266 817 4380 queis
873 4294 1061 4352 rem
1116 4264 1385 4376 ipsam
1443 4286 1859 4374 usurpare
1913 4288 2208 4349 coram
2267 4292 2436 4350 non
2498 4261 2811 4349 licebit.
2876 4263 3004 4350 Ita
3043 4293 3090 4345 e
3129 4248 3416 4374 priva-

581 4416 689 4500 tis
770 4411 1314 4523 sylvestrium
1393 4404 1775 4495 locorum
1849 4406 2194 4494 latebris
2251 4406 2414 4495 hae
2470 4409 2766 4523 stirpes
2795 4472 2825 4515 ,
2899 4438 3070 4495 non
3127 4405 3415 4519 aliquo

572 4575 793 4644 certe
850 4553 1430 4642 emolumento
1488 4569 1866 4637 carentes
1896 4614 1927 4659 ,
1988 4551 2078 4638 in
2134 4551 2524 4667 publicae
2581 4551 3079 4669 disciplinae
3134 4552 3410 4638 lucem

572 4696 962 4788 veniunt.

792 4837 1400 4927 collectionem
1478 4840 1769 4955 itaque
1794 4902 1825 4947 ,
1882 4865 2054 4954 qua
2109 4836 2218 4923 de
2272 4839 2543 4951 agitur
2571 4901 2602 4946 ,
2665 4868 2837 4925 non
2898 4839 3169 4926 solum
3231 4833 3400 4922 hu-

565 4991 797 5100 jusce
839 4981 1339 5097 metropolis
1392 4981 1779 5096 ageribus
1830 4982 2334 5072 suburbanis
2365 5047 2395 5090 ,
2472 4980 2619 5071 sed
2678 4982 2940 5071 etiam
2995 4983 3085 5070 in
3141 4980 3406 5070 Cam-
