5234 6725
2033 880 2237 969 OBs.
2281 924 2323 944 ·
2376 874 2705 965 Pileus
2758 871 2816 961 6
2870 899 3068 958 unc.
3125 887 3215 957 et
3268 868 3497 956 ultra
3548 866 3767 956 latus
3797 932 3826 977 ,
3869 866 4101 956 disco
4157 869 4669 982 magis-car-

1813 1055 2064 1115 nosus
2090 1089 2119 1132 ‚
2161 1025 2539 1135 margine
2575 1045 2906 1135 semper
2941 1017 3205 1105 laevis
3246 1020 3399 1127 (1).
3442 1015 4010 1130 Hymenium
4046 1011 4219 1103 fere
4252 1015 4370 1104 ad
4419 1015 4664 1106 adul-

1809 1191 1995 1259 tam
2066 1186 2430 1255 aetatem
2495 1164 2670 1251 veli
2743 1162 3245 1251 membrana
3316 1162 3813 1268 obtectum,
3895 1189 4120 1276 quae
4194 1179 4479 1277 postea
4551 1164 4644 1248 in

1812 1310 2129 1395 multas
2181 1303 2595 1393 scinditur
2648 1303 2996 1392 lacinias
3019 1366 3048 1411 ,
3105 1303 3368 1391 libere
3426 1300 3912 1418 pendentes.
3977 1300 4301 1392 Eadem
4356 1329 4632 1389 mem·

1806 1451 2075 1538 brana
2130 1445 2635 1559 incompleta
2665 1509 2692 1553 ‚
2749 1472 3020 1532 crassa
3042 1508 3071 1551 ‚
3130 1445 3507 1530 exterius
3560 1439 3909 1531 floccosa
3937 1506 3966 1551 ,
4023 1470 4297 1557 aeque
4352 1469 4454 1527 ac
4491 1443 4647 1528 sti-

1805 1591 2000 1706 pitis
2035 1588 2509 1704 superficies
2545 1614 2596 1672 a
2637 1586 2893 1673 volva
2946 1585 3059 1670 ad
3095 1587 3425 1701 apicem
3462 1585 3697 1672 tenui
3733 1614 3835 1671 ac
3869 1583 4230 1672 candido
4267 1584 4582 1700 polline
4601 1649 4631 1688 ,

1805 1733 2075 1819 veluti
2149 1731 2507 1845 pulvere
2563 1731 2884 1843 amyli,
2943 1748 3227 1815 scatet.
3292 1727 3776 1854 Lamellae
3837 1756 4042 1844 7-10
4099 1729 4247 1815 lin.
4306 1728 4418 1815 ad
4471 1758 4660 1815 me-

1801 1876 2043 1962 dium
2100 1876 2318 1963 latae
2342 1940 2369 1984 ‚
2412 1879 2499 1963 in
2540 1892 2764 1960 statu
2807 1875 3136 1987 juniore
3173 1875 3531 1980 lacteae3
3555 1873 4051 1961 'lamellulae
4087 1873 4395 1987 postice
4431 1903 4656 1960 nun-

1802 2048 2071 2134 quam
2129 2018 2836 2105 dentato-lacerae
2890 2037 2985 2104 ut
3038 2009 3155 2103 in'
3188 2019 3583 2131 inscripta
3640 2018 3942 2132 specie.
4012 2016 4303 2131 Stipes
4355 2014 4465 2102 ad
4505 2018 4654 2103 ba-

1800 2164 1961 2246 sim
2051 2161 2301 2248 valde
2384 2162 2680 2247 obesus
2707 2224 2734 2266 ‚
2813 2156 3145 2244 sordide
3208 2157 3543 2245 albidus
3605 2176 3689 2243 et
3743 2156 4147 2245 radiculis
4199 2157 4398 2244 hinc
4455 2157 4652 2245 inde

1794 2304 2232 2417 praeditus
2258 2368 2287 2411 ‚
2344 2326 2404 2410 4
2427 2356 2465 2369 -
2497 2301 2548 2388 5
2587 2304 2641 2403 -ζ-
2677 2335 2869 2392 unc.
2915 2304 3202 2415 longus
3230 2368 3258 2411 ,
3299 2332 3594 2389 versus
3632 2304 3961 2416 apicem
3999 2303 4150 2389 vix
4201 2330 4236 2386 1
4283 2330 4645 2408 crassus,

1798 2446 2184 2535 deorsum
2247 2478 2450 2532 vero
2512 2477 2588 2530 2.
2655 2447 3079 2535 Annulus
3134 2474 3541 2562 superus,
3617 2445 4078 2556 flaccidas,
4142 2448 4231 2531 in
4287 2447 4649 2534 miculas

1804 2588 2336 2677 furfuraceas
2393 2590 2814 2677 fatiscens.
2878 2592 3358 2680 Substantia
3414 2588 3698 2677 mollis
3736 2618 3834 2676 ac
3874 2590 4333 2678 albissima.
4375 2596 4642 2709 Sapor

1807 2737 2161 2820 minime
2242 2736 2660 2846 ingratus;
2740 2735 2953 2823 odor
3025 2734 3508 2849 graveolens
3532 2800 3559 2842 ‚
3634 2731 4136 2822 Gor-altinae
4189 2735 4648 2851 officinalis

1796 2878 2063 2964 ferme
2120 2879 2636 2987 simillimus,
2678 2883 2827 2994 qui
2870 2880 3021 2967 diu
3061 2897 3531 2996 permanet,
3591 2898 3676 2965 et
3731 2909 3782 2965 a
3837 2879 4076 2994 longe
4130 2881 4388 2965 etiam
4443 2909 4651 2993 per-

1807 3021 2141 3130 cipitur.
2200 3024 2537 3107 Nomen
2598 3050 2648 3105 a
2704 3020 2964 3112 λευκὸς
3019 3041 3102 3107 et
3139 3023 3332 3134 σὰρξ
3367 3019 3864 3105 deductum.

2023 3162 2462 3272 Agricolae
2518 3165 2649 3249 vis
2703 3162 2965 3275 hujus
3020 3163 3255 3277 fungi
3332 3165 3633 3249 noxiae
3689 3164 3985 3274 ignari,
4044 3182 4126 3248 et
4181 3164 4525 3251 forsitan
4590 3196 4639 3251 a

1804 3325 2092 3425 tenera
2150 3304 2335 3415 ejus
2391 3332 2643 3389 carne
2676 3371 2702 3411 ,
2764 3305 2960 3391 albo
3015 3306 3288 3394 colore
3342 3335 3442 3394 ac
3504 3335 3798 3422 sapore
3853 3336 4023 3392 non
4063 3306 4236 3392 acri
4273 3307 4625 3423 decepti,

1800 3477 2050 3560 saepe
2107 3449 2191 3530 in
2248 3448 2534 3532 cibum
2590 3448 3067 3565 recipiunt:
3152 3467 3238 3534 at
3292 3478 3622 3563 semper
3677 3452 3786 3536 ab
3843 3450 4322 3559 anxietate,
4389 3456 4650 3540 verti-

1960 3896 2052 3979 (1)
2091 3899 2497 3985 Leucomyces
2537 3900 2869 3982 pectinatus
2900 3947 2921 3980 ,
2965 3913 3026 3962 et
3063 3903 3467 3987 Leucomyces
3507 3905 3840 3984 pectinatus
3881 3902 4031 3965 alter
4059 3948 4080 3980 ,
4131 3904 4394 3967 Bursa.
4439 3906 4641 3988 Fung.

1792 4010 1962 4070 arim.
2009 4030 2146 4094 pag.
2186 4030 2291 4090 27,
2335 4016 2439 4090 28,
2482 4012 2608 4075 tab.
2642 4026 2706 4090 4,
2749 4010 2856 4095 fig.
2902 4012 2979 4073 D.
3018 4014 3267 4094 Fungus
3306 4015 3642 4075 esculentus
3673 4059 3694 4091 ,
3758 4036 3792 4077 e
3849 4015 4044 4079 volva
4082 4035 4392 4100 erumpens
4425 4064 4442 4094 ,
4485 4030 4644 4081 totus

1788 4121 2074 4184 candidus
2099 4169 2116 4199 ‚
2161 4124 2392 4205 pileolo
2433 4124 2513 4186 ad
2550 4146 2683 4188 oras
2721 4129 2949 4206 striato,
2996 4140 3110 4189 etc.
3162 4127 3412 4191 cocolla
3450 4125 3674 4189 hiuma
3697 4171 3718 4205 ,
3763 4127 4003 4208 bunna,
4058 4131 4397 4209 maggiom.
4447 4132 4638 4195 Mrcu.

1792 4235 1941 4296 Gen.
1982 4235 2173 4317 plant.
2216 4257 2350 4319 pag.
2398 4240 2539 4317 185,
2585 4239 2702 4300 tab.
2748 4261 2848 4322 77,
2889 4238 3139 4322 fig.1.-
3161 4240 3443 4303 Faustus
3472 4241 3584 4302 sub
3609 4244 3809 4321 (ᾖξαν.
3835 4241 4082 4303 ovoides‘
4105 4242 4504 4324 descriptione
4531 4246 4642 4306 has

1790 4350 2044 4429 species,
2088 4349 2178 4407 uti
2217 4368 2582 4432 synonyma,
2633 4353 2795 4414 male
2831 4353 3063 4414 indicat
3105 4353 3130 4436 (
3174 4354 3333 4438 syn.
3374 4375 3536 4438 myc.
3573 4354 3699 4416 vol.
3739 4355 3802 4427 1,
3839 4376 3975 4439 pag.
4023 4360 4097 4421 15
4137 4356 4195 4439 )‚
4235 4360 4382 4442 qnia
4409 4373 4642 4443 praeter

1791 4458 2113 4519 nonnullas
2154 4460 2301 4521 alias
2340 4475 2533 4533 notas,
2571 4463 2812 4525 eaedem
2851 4487 2961 4549 pro
3000 4466 3146 4548 pilei
3173 4469 3539 4549 marginibus
3563 4482 3898 4531 constanter
3923 4473 4140 4533 stt-istis
4178 4493 4301 4537 non
4331 4472 4515 4536 modo
4545 4472 4636 4535 di-

1791 4585 1949 4633 stant
1994 4593 2029 4632 a
2070 4571 2486 4637 Bulliardiano
2523 4578 2795 4657 agarico,
2834 4578 2938 4640 sed
2977 4580 3159 4640 etiam
3201 4601 3237 4641 s
3276 4584 3565 4645 varietate
3605 4581 3681 4644 de
3720 4604 3845 4667 qus
3884 4586 4095 4665 agitur.
4137 4585 4440 4649 Potiorem
4494 4608 4640 4651 vero

1789 4683 2033 4744 laudem
2076 4698 2337 4747 meretur
2377 4685 2787 4759 solertissimus
2826 4690 3075 4753 Carolus
3101 4692 3488 4755 Vrrrmnms
3521 4693 3586 4753 in
3613 4714 3721 4755 suo
3747 4716 3957 4779 opere:
3993 4699 4284 4763 Deseris.
4314 4698 4639 4782 deifemg.

1799 4814 2020 4871 mang.
2073 4795 2098 4878 (
2136 4818 2268 4880 pag.
2316 4799 2389 4858 13
2416 4799 2478 4883 )‚
2518 4820 2645 4882 quo
2683 4802 2809 4884 ipso
2846 4803 3159 4866 historiam
3190 4803 3339 4868 dicti
3374 4810 3582 4885 Agar.
3608 4809 3855 4871 oooidei
3873 4830 3947 4871 ex
3973 4813 4353 4896 scriptoribus
4382 4817 4641 4897 antiquis

1792 4907 1952 4969 haud
1996 4910 2312 4992 incongrue
2350 4911 2710 4979 illustrando
2732 4962 2752 4994 ,
2796 4915 2919 4980 sere
2958 4920 3289 4983 consimiles
3329 4919 3770 4987 emendationes
3812 4922 4173 5009 jampridem
4209 4925 4645 5011 promulgavit.
