5234 6725
1999 775 2030 879 (
2100 798 2248 880 127
2312 771 2341 876 )

970 942 1404 1027 Autumno
1466 962 1649 1053 post
1707 944 2171 1029 crebriores
2233 943 2566 1057 pluvias
2626 941 2714 1024 in
2770 940 3074 1054 pinetis
3118 939 3591 1027 acclivibus

738 1086 1183 1172 Calabriae
1272 1090 1809 1175 occidentalis
1892 1095 1921 1198 (
1971 1093 2560 1203 Aspromonte
2599 1095 2630 1198 )
2660 1152 2686 1191 ‚
2778 1103 2863 1169 et
2921 1085 3010 1169 in
3071 1086 3577 1195 graminosis

739 1228 961 1310 circa
1029 1227 1476 1339 Neapolim
1536 1234 1566 1337 (
1607 1233 2006 1316 Pascone
2046 1241 2076 1337 )
2115 1229 2538 1315 rarissime
2578 1256 2926 1344 quoque
2971 1229 3367 1315 occurrit.
3437 1227 3587 1312 Su·

738 1366 1099 1449 spectus.

969 1559 1168 1641 Ons.
1207 1604 1247 1624 ·
1275 1555 1592 1639 Pileus
1631 1568 1741 1666 ἦ·
1781 1588 1810 1641 ι
1862 1562 1911 1653 -ἓ-
1972 1586 2162 1641 unc.
2228 1557 2508 1662 latus;
2570 1556 2857 1666 junior
2895 1553 3591 1665 subhemisphae-

745 1702 1022 1805 ricus,
1117 1729 1318 1784 mox
1403 1700 2535 1815 campanulato-convexus‚
2601 1698 2957 1784 demum
3019 1722 3457 1809 expansus
3513 1715 3594 1780 et

749 1845 1050 1928 obtuse
1140 1845 1660 1930 umbonatus
1696 1910 1721 1949 ,
1813 1844 2167 1950 firmus,
2237 1846 2570 1949 siccus,
2631 1860 2861 1927 totus
2919 1873 2964 1927 e
3022 1839 3348 1926 fibrillis
3406 1839 3595 1923 lon-

748 1984 1363 2095 gitudinalibus
1424 1987 1731 2070 innatis
1786 1987 2201 2092 vestitus;
2258 1988 2536 2073 colore
2595 1984 2932 2092 variat,
2998 1977 3259 2068 modo
3317 1981 3588 2067 oliva-

743 2111 936 2209 ceus
971 2188 995 2228 ,
1092 2152 1340 2238 saepe
1421 2127 1912 2239 expallens,
2001 2155 2198 2212 raro
2277 2128 2732 2235 cervinus3
2814 2124 2923 2211 ad
3001 2153 3191 2209 oras
3252 2119 3587 2227 tenuis,

742 2264 1383 2351 suhfimbriatus
1418 2329 1442 2370 ‚
1498 2283 1777 2350 aetate
1818 2283 2109 2351 autem
2159 2284 2644 2351 senescente
2682 2264 3258 2379 utplurimum
3332 2262 3586 2348 lacer.

745 2409 1220 2496 Lamellae
1273 2411 1635 2512 densae,
1684 2410 2699 2497 ventricoso-latiusculae
2738 2415 2770 2520 (
2816 2442 2859 2495 2
2904 2411 3049 2495 lin.
3092 2424 3460 2521 aequant
3504 2413 3576 2513 )‚

745 2556 859 2637 ob
913 2552 1114 2668 pilei
1176 2551 1544 2640 formam
1601 2571 2022 2638 mutatam
2082 2555 2442 2641 subinde
2501 2549 3265 2656 arcuato-adfixae,
3311 2552 3591 2663 primo

744 2695 1131 2801 albidae,
1221 2695 1422 2783 dein
1509 2698 2050 2802 latescentes,
2111 2698 2451 2783 tandem
2514 2697 3402 2783 obscuro-olivaceae:
3475 2693 3595 2776 la-

748 2836 1145 2923 mellulae
1235 2838 1904 2925 subrotundatae
1934 2905 1963 2944 ,
2024 2842 2341 2952 postico
2401 2838 2830 2925 denticulo
2891 2837 3374 2923 acutissimo
3435 2832 3583 2917 de-

750 2985 1147 3068 sinentes.
1221 2984 1509 3097 Stcjoes
1579 3012 1715 3066 1-2
1782 3014 1978 3067 unc.
2047 2984 2402 3095 longus,
2466 2986 2622 3073 vix
2691 3013 2733 3067 Β
2779 2985 2934 3067 lin.
2982 3008 3352 3085 crassus,
3396 2981 3597 3066 sub-

747 3123 1096 3235 rigidus,
1157 3127 1579 3239 aequalis,
1641 3126 1956 3213 leviter
2009 3125 2423 3213 flexuosus
2459 3194 2483 3232 ‚
2546 3127 2741 3213 dein
2806 3127 3239 3213 tantillum
3297 3151 3590 3226 cavus,

749 3269 968 3382 pileo
1019 3266 1200 3352 fere
1261 3266 1708 3372 concolor,
1767 3267 2027 3351 etiam
2083 3301 2135 3354 e
2191 3266 2527 3352 fibrillis
2585 3269 3085 3356 exilioribus
3137 3265 3580 3380 dispersim

746 3406 1218 3508 obductus„
1281 3408 1515 3521 apioe
1572 3407 2516 3522 albo-pulverulentus,
2607 3409 2718 3495 ad
2808 3411 3077 3495 basim
3160 3433 3365 3495 vero
3428 3403 3586 3489 vil-

747 3552 986 3639 losus.
1076 3551 1403 3637 Velum
1437 3618 1463 3656 ‚
1527 3582 1758 3638 more
1816 3555 2128 3659 tribus,
2189 3585 2238 3638 e
2294 3553 2625 3641 fibrillis
2684 3553 2885 3668 pilei
2950 3555 3590 3654 continuatum,

750 3694 1404 3803 sagacissimum.
1485 3694 1704 3779 Caro
1753 3693 2461 3787 albo-flavescens
2494 3762 2519 3802 ,
2583 3698 2790 3784 odor
2845 3700 3225 3811 ingratus
3257 3760 3286 3801 ,
3350 3724 3597 3806 sapor

751 3841 961 3922 bene
1022 3867 1172 3950 pro
1227 3834 1615 3951 specifico
1673 3835 1906 3948 fungi
1948 3839 2288 3922 nomine
2350 3838 2932 3950 distinguitur.

1411 4141 1936 4199 [CONUM
2031 4140 2916 4199 EXPLICATIO.

750 4525 972 4607 TAB.
1044 4521 1210 4626 lv,
1242 4517 1420 4634 fig.
1510 4523 1590 4607 3.
1677 4522 2081 4607 Naturali
2144 4522 2733 4632 magnitudine
2786 4587 2810 4628 ‚
2887 4543 2969 4608 et
3040 4524 3136 4608 'in
3212 4520 3578 4637 perfecto

980 4662 1513 4771 vegetationis
1568 4680 1792 4745 statu
1850 4661 1992 4746 hic
2053 4661 2359 4774 fungus
2419 4665 2896 4750 delineatus
2953 4682 3102 4748 est.

766 4865 786 4885 .
880 4868 956 4889 ..
1005 4867 1033 4907 ‚
1070 4806 1239 4917 fig.
1308 4822 1403 4904 4.
1498 4803 1894 4914 Ejusdem
1967 4805 2199 4918 fungi
2280 4780 2530 4891 sectio
2603 4803 3391 4920 perpendicularis,
3485 4805 3595 4889 ad

982 4969 1251 5064 partes
1292 4953 1736 5038 interiores
1793 4951 2379 5036 ostendendas·
