5234 6725
1796 757 1807 766 ¹
1832 765 1997 828 XVI

1719 916 1888 1002 nici
1946 912 2430 1030 plurimum
2465 914 2733 1030 pensi,
2790 911 3021 1026 quod
3068 911 3323 1023 hujus
3379 910 3768 997 scientiae
3824 909 4214 997 studiosis
4271 913 4591 1026 persol-
4643 967 4648 974 —

1719 1079 1958 1150 vant.
2009 1060 2362 1174 Semper
2411 1088 2614 1145 vero
2652 1059 2846 1143 satis
2885 1057 3044 1144 erit
3082 1086 3221 1142 me
3258 1076 3757 1144 monstrasse
3795 1056 3953 1144 iter
3993 1086 4042 1141 a
4081 1059 4590 1145 nostratibus

1715 1204 2279 1306 intentatum,
2322 1218 2404 1285 et
2448 1229 2497 1285 a
2538 1198 3170 1312 pulchrioribus
3205 1228 3304 1285 ac
3339 1200 3797 1285 rarioribus
3838 1197 4290 1286 exordium
4347 1198 4588 1286 fecis-

1602 1426 1606 1430 .
1715 1372 1852 1440 se3
1893 1345 2195 1429 caeteri
2235 1337 2663 1455 profecto
2639 1368 2728 1423 ln
2766 1336 3257 1452 hujusmodi
3312 1338 3690 1426 Naturae
3744 1340 4092 1450 objectis
4127 1342 4590 1429 scrutandis

1714 1484 2320 1569 oblectamento
2359 1498 2441 1565 et
2500 1483 2889 1595 exemplo
2944 1479 3218 1588 ducti,
3282 1480 3390 1572 ad
3450 1485 3776 1597 majora
3832 1485 4229 1571 tentanda
4287 1490 4595 1573 excita-

1714 1624 2081 1709 buntur:
2123 1649 2298 1737 quo
2332 1649 2548 1707 sane
2582 1640 2847 1738 pacto
2902 1621 3055 1736 huj
3066 1652 3160 1708 us
3213 1624 3335 1708 rei
3389 1623 3825 1710 herbariae
3882 1644 4208 1711 nostrae
4272 1630 4590 1739 patriae

1719 1766 2072 1878 cognitio
2121 1793 2558 1852 summum
2595 1763 3119 1877 perfectionis
3160 1766 3483 1880 apicem
3521 1767 3814 1878 procul
3853 1766 4110 1853 dubio
4151 1771 4581 1882 pertinget.

1946 1911 2253 1998 Vestro
2311 1911 2559 2021 igitur
2614 1908 2968 2020 judicic,
3023 1911 3701 2023 praestantissimi
3758 1909 4003 2020 Viri,
4064 1913 4151 1997 in
4218 1915 4591 2028 obsequii

1721 2074 2313 2165 argumentum
2340 2054 2547 2141 haec
2579 2055 2739 2142 tria
2764 2056 3218 2168 specimina
3259 2074 3340 2140 et
3380 2055 3585 2158 alia,
3617 2055 3686 2141 si
3712 2056 3887 2141 vita
3913 2057 4350 2171 otiumque
4389 2089 4591 2173 sup-

1719 2216 1946 2309 petet
1966 2259 1993 2299 ,
2054 2193 2700 2281 venerabundus
2743 2196 3093 2311 subjicio
3125 2260 3151 2302 ,
3195 2193 3429 2311 quod
3464 2196 3695 2281 inani
3734 2194 4403 2313 haudquaquam
4434 2264 4459 2304 ,
4503 2202 4591 2284 ni

1721 2338 2007 2447 fallor,
2065 2369 2211 2454 spe
2270 2342 2449 2428 Vos
2503 2340 2857 2426 minime
2897 2338 3483 2452 dedignaturos
3523 2339 3902 2448 confid03
3960 2370 4164 2427 nam
4226 2361 4592 2429 vestram

1721 2485 2343 2572 humanitatem
2397 2515 2697 2599 parem
2751 2487 3202 2601 sapientiae
3256 2486 3537 2573 nullus
3591 2503 3711 2572 est
3765 2487 3915 2602 qui
3964 2488 4302 2598 ignoret.
4339 2490 4384 2574 J
4388 2509 4595 2574 uvat

1726 2656 1985 2741 porro
2024 2624 2259 2742 quod
2294 2624 2717 2740 praefatus
2755 2655 2947 2712 sum
2984 2625 3114 2712 his
3161 2627 3437 2713 verbis
3492 2626 3979 2718 MAmenn
4033 2629 4385 2741 Magnae
4439 2636 4596 2718 So-

1728 2771 2005 2856 cietati
2030 2770 2536 2881 Anglicanae
2572 2799 2815 2856 suam
2858 2769 3308 2857 diatribam
3344 2770 4012 2884 desomatione
4028 2772 4276 2889 pulli
4315 2777 4409 2860 in
4435 2804 4594 2865 ovo

1726 2912 2197 2999 exhibentis
2252 2913 2726 3002 absolvere:
2784 2944 2838 3000 >³
2895 2914 3416 3027 singulorum
3473 2916 3849 3003 instituta
3900 2915 4424 3028 discussione,
4457 2924 4591 3009 vel

1729 3088 1991 3150 novos
2042 3057 2403 3148 indicate
2442 3059 2765 3148 labores
2785 3124 2811 3168 ,
2855 3061 2994 3146 vel
3031 3077 3435 3176 perpetuo
3470 3058 3749 3150 feriari
3789 3061 4069 3175 jubete
4112 3092 4193 3147 n.

3701 3353 3971 3441 Vino.
4027 3351 4476 3466 Brigantc}
4529 3392 4568 3445 ,-

1834 3568 1855 3577 ,
1928 3492 2149 3593 Neap.
2201 3495 2394 3596 prid.
2446 3493 2560 3571 Id.
2609 3496 2951 3596 Augusti,

2120 3715 2215 3779 u.
2271 3716 2480 3771 noco.
2528 3719 2733 3783 xxv.
