5234 6725
1840 762 2122 877 (55)

542 945 841 1022 mento'
905 937 1268 1050 repleta,
1346 937 1559 1025 mihi
1625 939 2232 1030 humanissime
2294 945 2636 1062 largitus
2696 968 2873 1057 est3
2952 979 2999 1036 a
3078 954 3395 1068 quibus

541 1082 717 1186 jam
775 1081 1240 1191 expositam
1300 1085 1875 1170 narrationem
1932 1088 2435 1173 concinnavi
2471 1152 2495 1191 ,
2558 1107 2642 1174 et
2698 1092 3048 1178 sollicite
3137 1097 3396 1181 etiam

544 1226 856 1337 sategi,
918 1243 1009 1308 ut
1071 1227 1350 1314 icones
1407 1228 1497 1311 in
1553 1249 1925 1339 quatuor
1982 1231 2315 1319 tabulas
2356 1262 2462 1318 ex
2509 1238 3043 1322 naturalibus
3104 1241 3394 1324 arche-

540 1368 820 1481 typis,
884 1398 1045 1453 non
1105 1388 1339 1455 certe
1413 1372 1524 1455 ab
1607 1373 1990 1484 imperita
2054 1403 2311 1458 manu
2388 1374 2901 1484 delineatae,
2988 1410 3140 1466 nec
3221 1414 3388 1469 non

539 1527 893 1623 ectypae
954 1514 1359 1623 imagines
1398 1542 1591 1599 cera
1628 1514 1952 1600 effictae
2008 1514 2572 1601 ducerentur:
2616 1550 2839 1630 quae
2879 1523 3164 1607 omnia
3206 1525 3386 1635 jam

538 1658 696 1740 sub
753 1674 1065 1741 vestros
1121 1656 1409 1741 oculos
1468 1658 1878 1760 veniunt,
1941 1676 2038 1739 ut
2081 1662 2339 1743 satius
2378 1661 2827 1773 suppleant
2868 1664 3070 1771 ista,
3115 1668 3185 1751 si
3228 1669 3392 1752 ali-

538 1794 752 1909 quid
812 1797 892 1879 in
957 1814 1239 1883 nostra
1298 1797 1674 1884 oratione
1730 1793 2162 1883 defuisset.

762 1941 1087 2023 Eorum
1143 1957 1385 2026 ortus
1424 1968 1597 2025 non
1649 1938 1885 2051 longe
1925 1937 2223 2047 distat,
2265 1944 2335 2027 si
2377 1972 2425 2028 a
2465 1944 2823 2031 veritate
2863 1976 3028 2034 non
3075 1948 3398 2036 abhor-

541 2110 682 2164 reo
714 2146 741 2187 ,
804 2101 884 2170 et

998 2361 1304 2388 ......
1333 2318 1767 2419 quantum
1824 2318 2120 2393 nostra
2179 2303 2528 2393 lumina
2567 2324 2951 2425 possunt

1003 2478 1394 2566 Tendere
1410 2538 2775 2572 .........................
2807 2550 2839 2591 ,

533 2697 642 2783 ab
697 2698 842 2784 illo
878 2698 1306 2817 Polypon‘
1353 2701 1865 2790 Tuberastri
1915 2738 2025 2794 ex
2082 2705 2366 2818 lapide
2421 2708 2875 2822 fungifem,
2935 2741 3392 2829 perperam

535 2844 649 2928 ita
710 2844 970 2949 dicto,
1024 2877 1224 2933 cum
1283 2848 1389 2931 sit
1443 2848 1753 2937 humus
1803 2876 2278 2967 compacta,
2321 2874 2403 2940 ‹t
2442 2859 2689 2943 valde
2727 2859 3219 2964 cohaerens,
3258 2865 3393 2946 uti

534 3006 1087 3077 autumarunt
1123 2993 1448 3080 Comes
1511 3025 1624 3080 Dm
1682 2995 2035 3100 BoncH,
2098 3002 2470 3098 JAchN
2531 2998 2799 3108 filius,
2860 3000 3174 3113 aliique
3231 3007 3394 3114 (ης

694 3424 785 3509 (1)
828 3428 1038 3489 Later.
1076 3446 1191 3485 sur
1224 3425 1309 3486 les
1346 3424 1534 3505 truff.
1572 3424 1651 3486 de
1674 3428 2005 3488 Piemont.
2035 3428 2258 3488 Mlan
2299 3425 2478 3507 1780,
2516 3446 2669 3506 pag.
2695 3438 2843 3497 4Ι.-
2872 3425 3128 3490 Collect.
3157 3425 3374 3508 Suppl-

529 3557 662 3620 με.
679 3539 819 3615 160,
845 3539 966 3600 tab.
989 3540 1026 3598 8
1032 3581 1052 3614 ,
1078 3559 1164 3619 9.-
1183 3540 1368 3600 Juxta
1394 3558 1575 3621 porro
1597 3539 1903 3601 Mrcnuu
1928 3539 2277 3620 opinionem
2303 3537 2444 3622 (op.
2470 3559 2669 3621 nuper
2696 3540 2795 3599 cit.
2813 3559 2947 3623 pag.
2976 3540 3111 3614 131,
3142 3538 3261 3600 tab.
3282 3559 3349 3617 γι
3365 3583 3390 3615 ,

529 3648 636 3736 fig.
675 3671 702 3713 1
734 3652 783 3736 ),
817 3672 891 3713 ac
930 3653 1281 3734 praesertim
1312 3652 1613 3713 Mamur
1654 3652 2096 3735 conjecturam,
2145 3676 2176 3711 n
2223 3653 2375 3734 lapis
2415 3651 2731 3733 lyncurius
2779 3673 2886 3713 seu
2923 3650 3256 3733 sungiferus
3296 3665 3383 3713 est

538 3791 570 3826 >v
612 3766 783 3827 radix
825 3765 954 3850 (en
983 3766 1111 3848 ejus
1138 3765 1379 3850 verba)
1421 3779 1530 3827 aut
1565 3779 1821 3828 resectus
1859 3786 1895 3829 a
1935 3767 2184 3827 matrice
2224 3766 2443 3848 plexus
2486 3764 2766 3827 radicum
2807 3779 2996 3826 cretae
3036 3764 3137 3826 vel
3170 3765 3378 3846 glebae

534 3906 566 3941 n
609 3882 956 3944 commissus
996 3893 1056 3941 et
1094 3880 1414 3943 inhaerens
1436 3924 1455 3956 ,
1499 3879 1666 3942 unde
1703 3877 1956 3940 latentia
1997 3880 2401 3960 sungulorum
2423 3879 2756 3962 primordia
2783 3878 2977 3961 tepida
3008 3879 3377 3961 irrigatione,

530 4021 562 4055 ι)
604 4009 663 4057 et
700 3994 1107 4078 superadditae
1147 4008 1344 4057 terrae
1381 3991 1515 4055 fotu
1552 3995 1709 4056 vitae
1749 4015 1906 4078 pene
1947 3992 2181 4055 reddita
2205 3991 2541 4076 vegetando
2573 4014 2684 4076 per
2713 3992 3036 4054 intervalla
3063 3991 3373 4076 explicem

530 4132 570 4169 n.
610 4122 706 4170 tur
729 4151 749 4184 ‚
795 4105 988 4169 donec
1025 4108 1269 4170 effoetae
1307 4121 1557 4190 pereant
1580 4149 1599 4181 ‚
1640 4105 1744 4168 vel
1783 4119 2260 4168 consenescentes
2304 4125 2445 4165 cum
2483 4104 2613 4186 ipsa
2653 4104 3013 4166 substantiae
3065 4124 3190 4186 qua
3231 4125 3390 4186 ope-

529 4246 563 4281 »
604 4221 840 4281 riuntur
868 4239 1181 4302 compage,
1206 4218 1380 4302 quod
1405 4241 1518 4281 usu
1543 4219 1668 4281 fere
1695 4219 1861 4282 venit
1885 4231 2021 4301 post
2048 4238 2300 4294 annum,
2332 4218 2396 4278 in
2426 4216 2532 4278 tofi
2558 4216 2822 4299 speciem
2844 4218 3275 4279 concrescant?
3299 4242 3328 4275 2»
3354 4254 3387 4269 -

523 4333 717 4418 Fung.
756 4335 987 4397 Carrar.
1027 4334 1168 4396 hist.
1209 4334 1424 4396 Patav.
1477 4332 1653 4415 1766,
1696 4353 1837 4415 pag.
1881 4333 1985 4414 3⁷·

682 4447 987 4509 Praesenti
1028 4467 1175 4507 vero
1214 4461 1406 4510 aetate
1446 4445 1600 4532 prof.
1646 4446 1794 4508 Gal.
1835 4449 2270 4509 Gasnaanms
2309 4445 2429 4506 hac
2469 4468 2651 4531 super
2691 4467 2760 4509 re
2804 4460 3154 4510 nostrorum
3192 4446 3376 4521 maio-

517 4584 655 4625 rum
691 4565 1069 4649 opinionem,
1111 4562 1294 4626 Fer-d.
1334 4565 1637 4626 Imaum
1677 4563 1966 4627 nimirum
2006 4578 2067 4626 et
2094 4565 2281 4626 Marc.
2309 4566 2457 4627 Aur.
2482 4565 2813 4641 Sevamm,
2844 4559 3196 4624 revocando
3215 4581 3377 4623 sem-

516 4676 903 4759 piternaeque
943 4674 1171 4755 gloriae
1216 4671 1693 4737 commendando
1719 4721 1740 4754 ,
1788 4687 1925 4758 post
1961 4674 2243 4757 repetitas
2282 4673 2394 4735 sub
2434 4675 2834 4756 microscopio
2885 4673 3324 4735 observationes
3347 4716 3368 4747 ‚

511 4787 820 4870 peculiare
856 4790 1044 4871 hujus
1081 4789 1299 4872 lapidis
1335 4791 1493 4852 inter
1531 4788 2135 4873 Lycoperdineorum
2174 4787 2441 4873 (rectius
2482 4789 3012 4873 Tuberacearum)
3072 4787 3376 4850 familiam

510 4904 818 4965 constituit
853 4922 1066 4983 genus,
1108 4922 1320 4983 graeco
1353 4901 1590 4964 nomine
1616 4897 1986 4979 Mys-eliste,
2011 4902 2190 4985 cujus
2220 4901 2459 4961 unicam
2490 4899 2749 4983 speciem
2762 4898 3171 4980 furseil'emm
3201 4918 3362 4980 quo-

504 5033 624 5096 que
666 5015 1069 5095 nuncupavit.
1089 5049 1127 5063 -
1152 5012 1465 5076 Ricerehs
1493 5012 1663 5075 sulla
1690 5019 1928 5074 natum
1951 5011 2120 5073 della
2133 5010 2645 5094 pietmsungaja
2657 5056 2679 5089 ,
2710 5029 2746 5071 e
2783 5010 2892 5071 sul
2903 5008 3121 5088 fungo
3155 5008 3224 5069 vi
3258 5028 3362 5069 so·-
