5234 6725
1461 914 2772 1108 PRAEFATIQ

685 1855 1291 2018 TnmNmun
1349 1929 1733 2031 effluxit,
1797 1961 1906 2018 ex
1968 1959 2199 2045 quo,
2259 1931 2367 2016 cl.
2414 1933 2812 2036 Sodales,
2877 1933 2983 2018 de
3025 1960 3247 2017 nova
3290 1934 3543 2043 Aga-

683 2075 850 2160 rz'ci
903 2077 1173 2190 specie
1206 2143 1231 2182 ,
1294 2106 1399 2161 ex
1457 2075 1724 2187 fungis
1782 2077 1936 2162 sub
1994 2096 2275 2164 nostro
2333 2079 2559 2164 coelo
2616 2079 3205 2181 nascentibu5‚
3268 2077 3539 2191 primo

681 2252 872 2307 meo
929 2222 1199 2308 labori
1259 2224 1531 2310 Vobis
1589 2221 1963 2308 exhibito
2020 2223 2406 2309 lubenter
2462 2224 2937 2337 adspirastis
2995 2228 3109 2331 (1)
3149 2258 3174 2323 3
3258 2242 3342 2308 et
3400 2253 3538 2306 ar-

678 2365 882 2450 dens
941 2364 1326 2450 studium
1361 2430 1387 2471 ‚
1448 2364 1683 2480 quod
1740 2363 1847 2449 de
1902 2364 2269 2450 aliorum
2324 2368 2617 2452 notitia
2687 2395 2862 2450 non
2921 2367 3267 2450 obscure
3326 2383 3532 2450 tunc

677 2507 1169 2615 ostendistis,
1210 2510 1428 2595 mihi
1466 2509 1716 2596 valde
1773 2509 2127 2595 calcaria
2166 2511 2577 2616 admovit,
2610 2540 2780 2626 quo
2819 2512 3249 2625 inceptum
3289 2536 3530 2622 opus,

675 2654 913 2767 quod
970 2652 1204 2740 rudis
1260 2659 1563 2741 mentis
1618 2684 1856 2741 meae
1894 2657 2122 2740 acies
2179 2657 2392 2771 potis
2447 2674 2626 2740 erat
2658 2719 2685 2760 ,
2746 2655 2991 2740 novis
3048 2656 3535 2740 tentamini·-

673 2794 835 2878 bus
879 2858 904 2898 ,
970 2795 1443 2906 majorique
1499 2795 1922 2879 alacritate
1978 2813 2575 2910 prosequerer:
2630 2794 2860 2881 Huic
2917 2823 3168 2907 porro
3226 2795 3529 2898 labori,

674 2957 769 3022 ut
808 2935 1078 3023 Vobis
1134 2938 1806 3047 obtemperarem
1861 2939 2146 3022 animo
2202 2939 2464 3024 institi
2520 2937 2631 3023 ad
2671 2937 3034 3023 aliorum
3090 2939 3368 3052 potius
3408 2968 3536 3023 so-

671 3078 1004 3164 lertiam
1060 3076 1219 3163 hac
1274 3077 1361 3161 in
1404 3106 1495 3160 re
1550 3076 2082 3162 excitandam
2124 3141 2155 3181 ,
2212 3105 2476 3190 quam
2517 3076 2926 3163 desiderio
2983 3078 3525 3185 celebritatis,

670 3221 1158 3333 gloriaeque
1209 3219 1833 3335 comparandae
1891 3220 2363 3307 adductus:
2423 3218 2510 3306 id
2570 3220 2804 3336 quod
2845 3284 2876 3324 ,
2959 3250 3068 3306 an
3126 3223 3371 3335 plene
3426 3254 3526 3310 ac

668 3364 1018 3453 feliciter
1072 3385 1599 3451 assecuturus
1656 3367 1813 3450 sim
1847 3433 1873 3474 ‚
1955 3397 2106 3452 nec
2161 3366 2399 3453 facile
2457 3366 2832 3477 conjicio.
2892 3364 3057 3451 Res
3112 3368 3337 3453 enim
3395 3388 3524 3454 est

668 3508 777 3593 de
833 3509 1221 3622 objectis,
1276 3536 1646 3623 quorum
1701 3510 2223 3619 investigatio
2278 3538 2450 3625 quo
2505 3507 2953 3622 jucundior
3020 3509 3130 3597 ob
3186 3510 3526 3598 illorum

665 3658 975 3741 miram
1032 3654 1397 3740 formam
1444 3716 1475 3756 ,
1560 3653 2116 3766 colorumque
2202 3655 2704 3742 varietatem
2745 3719 2772 3760 ,
2858 3654 3394 3769 potissimum
3452 3659 3523 3743 si

666 3821 1046 3888 materno
1100 3818 1373 3886 terrae
1408 3800 1599 3886 sinu
1637 3799 1919 3886 adhuc
1956 3798 2394 3884 haerentes
2432 3799 3034 3910 observantur3
3066 3800 3179 3884 ob
3215 3799 3526 3916 ipsam·

665 3973 835 4058 que
891 3960 1463 4039 structuram3
1521 3970 1741 4054 quae
1795 3970 1966 4026 non
2020 3957 2375 4028 naturae
2428 3941 2709 4026 lusum
2739 4005 2767 4047 ‚
2832 3959 2982 4026 aut
3018 3941 3514 4055 plantarum

662 4083 873 4168 vitia
908 4146 936 4188 ,
999 4081 1144 4166 sed
1197 4084 1593 4169 Suram
1647 4080 2027 4169 Orlmcls
2086 4108 2444 4166 manum
2499 4097 2787 4197 aperte
2841 4085 3176 4192 arguit3
3232 4110 3331 4166 eo
3389 4101 3523 4166 ta-

662 4252 893 4319 men
928 4220 1345 4309 difficilior
1414 4250 1575 4337 pro
1632 4220 1928 4332 insigni
1983 4244 2342 4305 numero
2378 4281 2404 4324 ,
2465 4218 2900 4332 nimiaque
2957 4219 3173 4304 inter
3228 4219 3514 4334 singu-

663 4368 785 4455 los
839 4362 1440 4452 similitudine:
1508 4364 1738 4478 quod
1795 4381 2026 4454 certe
2074 4362 2543 4476 plurimum
2598 4361 2906 4475 negotii
2963 4360 3099 4447 vel
3139 4360 3388 4448 valde
3429 4364 3517 4449 in

820 4803 919 4891 (ι)
959 4802 1130 4869 Cunr.
1168 4805 1320 4869 Acta
1357 4817 1588 4867 nonme
1625 4800 1810 4869 Aoad.
1850 4800 1997 4866 vol.
2016 4802 2124 4865 111.
2150 4798 2214 4884 -(
2227 4801 2432 4868 Classe
2474 4797 2546 4861 di
2584 4799 2811 4864 Ftsica
2849 4817 2886 4861 e
2926 4800 3142 4863 Seon'a
3181 4802 3511 4887 naturale)

658 4933 799 5003 pag.
844 4935 979 4982 121.

2690 5058 2734 5111 2
