5234 6725
2083 698 2117 804 (
2177 695 2282 786 83
2336 706 2368 810 )

803 857 1078 970 primo
1135 856 1442 951 albidis
1493 861 1694 949 dein
1753 866 2156 981 pallidis;
2243 875 2530 989 stipite
2585 877 3218 993 subcylindrico
3245 952 3273 997 ,
3364 892 3639 983 basim

797 1023 1086 1085 versus
1143 999 1455 1087 sensim
1513 1001 1771 1093 obeso
1826 1035 1927 1094 ac
1986 1012 2598 1104 brunneoerufo
2640 1084 2668 1127 ,
2729 1022 2841 1108 ad
2905 1028 3227 1140 apicem
3278 1035 3642 1125 lamellis

791 1142 1283 1251 concolor-03
1353 1145 1671 1235 annulo
1729 1153 2026 1266 patulo
2084 1160 2580 1270 persistente
2636 1165 3047 1278 candido,
3110 1173 3372 1263 limbo
3412 1207 3641 1266 cras-

789 1284 1152 1376 siusculo
1206 1286 1452 1378 flavn.

1021 1610 1299 1688 Fungm
1335 1610 1684 1673 esculentus
1700 1655 1722 1690 ,
1763 1631 1843 1673 ex
1879 1630 2012 1674 uno
2039 1614 2202 1694 pede
2244 1618 2575 1696 mulccplex
2597 1667 2616 1699 ,
2652 1624 2887 1703 pileolo
2929 1626 3207 1709 desuper
3237 1651 3315 1695 ex
3341 1636 3627 1714 walese-eo

838 1714 1220 1792 ,flavescente
1241 1760 1264 1794 ,
1306 1716 1403 1779 ad
1436 1739 1584 1780 oms
1620 1719 1926 1780 nonnihil
1958 1721 2294 1800 undulata,
2335 1726 2550 1789 subtus
2586 1731 2760 1802 albo,
2773 1733 3079 1814 pediculo
3099 1741 3494 1816 subobscuro,
3524 1751 3628 1808 in-

841 1827 1100 1903 feriora
1160 1847 1373 1890 versus
1410 1840 1862 1905 crassescente,
1923 1842 1986 1893 et
2031 1834 2226 1896 veluti
2275 1837 2535 1901 bulboso.
2595 1844 2784 1905 Mum.
2844 1848 2997 1910 Gen.
3040 1851 3233 1932 plant.
3274 1875 3410 1937 pag.
3457 1877 3571 1939 199
3606 1901 3628 1927 ,

857 1940 977 2001 tab.
1010 1946 1114 2015 81,
1145 1939 1249 2022 fig.
1274 1959 1313 2001 2
1344 1940 1370 2022 (
1396 1940 1545 2023 pilei
1569 1944 1892 2026 marginem
1916 1944 2165 2028 quidem
2193 1951 2565 2016 undulatam
2595 1955 2845 2036 dicitur,
2874 1961 2974 2021 sed
3003 1963 3064 2023 in
3081 1964 3200 2025 hac
3225 1966 3399 2029 icone
3428 1970 3629 2052 potius

855 2048 1130 2111 striatum
1157 2048 1647 2131 ).-Poh‘myces
1685 2053 1971 2130 melleus,
2010 2054 2279 2121 Bursa.
2318 2061 2517 2146 Fung.
2561 2066 2733 2128 arim.
2774 2089 2910 2151 pag.
2951 2071 3058 2148 35,
3102 2075 3226 2135 tab.
3276 2096 3374 2151 11,
3418 2079 3518 2159 fig.
3546 2083 3623 2147 C.

852 2155 879 2247 (
909 2160 1064 2225 excl.
1093 2162 1233 2225 aliis
1257 2165 1650 2246 imaginibus,
1683 2188 1755 2231 ac
1778 2172 2135 2254 synonymis
2161 2171 2240 2235 ad
2265 2177 2526 2256 speciem
2557 2181 2826 2261 typicam
2858 2182 3060 2248 Vam..
3084 2191 3493 2269 spectantibus
3520 2193 3564 2272 ).
3593 2228 3627 2244 .-

852 2283 1069 2354 Agar.
1142 2278 1464 2357 corylinus
1482 2322 1509 2349 ,
1570 2281 1752 2343 Bato.
1815 2279 1944 2363 jun.
2010 2284 2037 2369 (
2073 2305 2194 2347 non
2259 2290 2545 2370 coryleus
2609 2291 2980 2356 orbicularis
3000 2342 3019 2374 ‚
3088 2298 3153 2361 C.
3216 2300 3422 2366 Eum.
3464 2303 3612 2369 Pin.

849 2408 985 2472 pag.
1027 2391 1148 2471 372
1190 2391 1239 2473 ).
1279 2390 1464 2472 Ragg.
1506 2390 1818 2456 de’lavori
1857 2394 2065 2457 accad.
2108 2395 2277 2459 della
2319 2399 2455 2462 Soc.
2497 2401 2572 2461 R.
2615 2403 2796 2465 Borb.
2829 2404 2854 2488 (
2886 2405 3046 2470 Disc.
3082 2409 3187 2471 del
3226 2412 3449 2495 Segret.
3493 2437 3625 2482 ων.

856 2499 1250 2563 momentu
1274 2498 1320 2583 ).
1363 2506 1512 2585 Nap.
1557 2503 1713 2585 1839
1747 2545 1769 2580 ,
1811 2522 1959 2587 pag.
2013 2508 2075 2569 5.

992 2758 1511 2846 Novembris
1565 2757 1739 2846 fine
1795 2761 2188 2871 provenit
2225 2761 2336 2846 ad
2376 2761 2766 2849 caudices
2820 2779 3393 2874 putrescentes
3454 2772 3620 2855 Co-

768 2896 942 3012 tyli
1022 2900 1524 2991 Avellanae
1588 2932 1856 3019 prope
1914 2906 2361 3019 Neapolim
2417 2910 2446 3014 (
2503 2904 2741 2992 valle
2797 2906 2896 2992 di
2946 2906 3037 2991 S.
3100 2909 3421 2997 Maria
3475 2910 3618 2997 de'

767 3042 1159 3153 monti),
1213 3043 1615 3157 alibique.
1672 3045 2188 3162 Nuper-rime
2241 3074 2579 3161 quoque
2632 3047 3022 3133 inventus
3060 3075 3106 3132 a
3152 3048 3616 3160 perillustri

762 3203 1045 3273 nostro
1099 3184 1690 3301 phytographo
1771 3188 2067 3273 Joann.
2147 3191 2549 3277 Gussonn
2628 3217 2887 3302 super
2941 3192 3262 3277 truncis
3322 3192 3612 3279 adhuc

768 3328 1238 3417 virentibus
1288 3329 1724 3418 Ailantki
1752 3328 2359 3448 glandulosae.
2389 3385 2424 3400 -
2453 3331 2753 3418 Edulis
2783 3397 2809 3440 ‚
2871 3352 2955 3419 et
3016 3334 3266 3448 vulgo
3305 3335 3616 3424 dicitur

737 3469 1077 3582 sungio
1160 3470 1273 3556 de
1350 3471 1716 3561 nocella.
1785 3474 2136 3561 Interna
2196 3471 2392 3587 pilei
2451 3473 2921 3562 substantia
2982 3493 3261 3563 tenera
3321 3496 3450 3562 est
3508 3505 3612 3563 ac

766 3609 1023 3721 alba3
1112 3611 1328 3699 odor
1416 3615 1767 3723 suavis3
1850 3643 2097 3730 sapor
2174 3615 2454 3726 primo
2509 3612 2937 3701 subdulcia
2966 3677 2998 3721 ,
3072 3613 3271 3703 dein
3326 3615 3610 3730 fungis
3664 3616 3681 3633 ’

762 3755 1101 3843 culinae
1157 3755 1814 3842 inservientibus
1870 3757 2378 3845 simillimus.

989 4032 1187 4119 Ona.
1217 4027 1583 4117 -Pileus
1643 4022 1796 4111 2-5
1852 4055 2049 4113 unc.
2108 4024 2362 4132 latus,
2420 4021 2742 4111 viscido
2801 4025 3162 4113 humore
3216 4022 3606 4132 infectUS,

758 4193 1047 4260 centro
1099 4170 1657 4276 umbonatus,
1717 4165 2064 4254 demum
2119 4166 2745 4278 subconcavus3
2833 4166 3205 4253 umbone
3282 4166 3608 4278 planiu-

759 4317 989 4404 sculo
1048 4315 1596 4424 obscuriore3
1677 4314 2052 4422 margine
2142 4311 2495 4398 incurvo
2522 4375 2549 4419 ‚
2631 4311 2935 4399 leviter
2988 4310 3395 4397 undulato
3429 4375 3456 4416 ‚
3514 4311 3608 4394 in

753 4459 1059 4546 adultis
1114 4487 1314 4545 vero
1367 4454 1803 4568 irregulari
1841 4486 1940 4546 ac
1977 4456 2187 4544 fisso.
2228 4454 2702 4544 Lamellae
2740 4454 3021 4542 medio
3062 4455 3114 4541 5
3150 4452 3297 4540 lin.
3338 4454 3604 4559 latae,

753 4603 1217 4710 confertae,
1305 4602 1475 4690 fere
1549 4600 1660 4689 ad
1733 4601 2144 4688 annulum
2202 4600 2456 4688 dente
2512 4601 3047 4689 decurrentes
3084 4662 3112 4707 ,
3171 4597 3409 4685 initio
3462 4624 3603 4684 ar-

749 4765 1092 4855 cuatae,
1147 4749 1682 4862 subcrispae:
1742 4743 2228 4832 lamellulae
2264 4742 2793 4862 inaequales,
2834 4744 3154 4862 poetice
3191 4740 3600 4829 rotunda-

749 4911 924 4980 tae.
995 4892 1285 5009 Stipes
1329 4892 1481 4978 2-5
1523 4920 1711 4979 unc.
1743 4889 2091 5005 longus,
2133 4887 2522 4977 deorsum
2563 4887 2716 5004 7-εὸ
2759 4888 2903 4976 lin.
2946 4914 3327 4998 crassus,
3366 4885 3600 4973 intus

2778 5034 2824 5077 κ
